2776 4934
689 173 702 247 i
745 240 749 265 ἵ

426 395 703 464 sumnum
1026 402 1064 463 73

51 586 157 670 gatus
178 570 285 642 'iusti
314 569 406 643 belli
439 570 535 643 facie
567 571 644 641 iam
679 593 783 669 agera
814 571 1064 644 nuntiabatur.

52 694 125 766 Sed
149 690 277 769 invaso
311 696 460 775 castello
488 694 653 790 potitum
669 680 865 790 <¹t‘praeda
888 722 955 794 per
981 705 1066 798 Sog-

50 818 200 903 dianos,
241 823 380 894 Phiton
414 838 452 891 et
476 818 706 892 aristobolus
727 819 769 873 (ὓ
802 822 1067 916 cytharoedus,

54 945 123 1040 qui
145 970 217 1016 uua
244 948 365 1023 aulico
391 943 598 1017 ministerio
624 945 704 1017 illic
729 944 901 1045 agebant,
937 949 1070 1047 egressi

54 1093 145 1139 cum
171 1070 353 1167 equitibus
379 1071 566 1169 octoginta
591 1071 734 1143 naviter
753 1073 839 1143 satis
865 1091 902 1145 et
925 1074 1071 1175 inpigro

57 1193 285 1270 incursarent
317 1222 409 1293 quae
445 1194 679 1265 ducebantur.
730 1201 826 1267 Mox
855 1216 977 1271 tamen
1011 1224 1071 1270 ex·

59 1320 160 1415 cepti
179 1321 322 1426 insidiis
344 1349 364 1394 a
385 1324 591 1420 Pistamene
611 1320 779 1416 plerique
797 1346 925 1393 eorum
941 1340 979 1393 et
997 1347 1071 1394 una

57 1445 291 1517 Aristobolus
307 1451 532 1550 oppetivere.
570 1447 793 1520 Pistamenes
816 1471 904 1518 vero
924 1464 1010 1541 post
1032 1444 1074 1521 id

55 1570 202 1667 fugiens
218 1574 440 1645 conscientia
459 1574 604 1645 sceleris
623 1575 662 1643 in
680 1572 829 1644 desertis
844 1569 1019 1642 caeditur
1035 1567 1076 1624 ‘⁸’

62 1703 211 1766 Cratero
233 1697 413 1774 insecuto.
469 1703 552 1791 lpse
574 1721 764 1791 quoquea
790 1697 864 1767 suis
891 1714 1016 1790 captus
1033 1713 1077 1767 ut

60 1836 195 1890 auctor
225 1822 357 1916 culpae
389 1820 568 1918 arguitur,
608 1837 761 1915 tumque
776 1818 994 1893 Alexandro
1029 1817 1077 1893 ad
1143 1852 1146 1860 ⁴

57 1944 298 2039 supplicium.
313 1946 421 2017 datur
445 1945 524 2016 iure
547 1944 772 2039 plectendus.

115 2053 261 2150 XCIX.
296 2070 367 2156 Sed
391 2071 491 2141 enim
516 2071 584 2141 hac
610 2094 695 2142 cura
712 2069 886 2166 'deposita
910 2068 1021 2143 Indos
1035 2068 1075 2123 ‘⁴'
1100 2102 1252 2158 aarum

59 2197 157 2267 nihil
182 2195 254 2268 sibi
280 2197 410 2268 noxios
442 2197 606 2267 intentus
631 2199 757 2268 anirno
782 2212 926 2292 petram
950 2194 1075 2295 adgre-
1086 2188 1231 2245 niumm.

63 2323 164 2394 ditur
186 2349 227 2394 rc
252 2337 289 2396 et
314 2322 467 2394 nomine
491 2321 653 2394 arduam.
698 2321 743 2393 ld
768 2345 855 2394 vero
882 2323 1075 2399 castellum

64 2463 121 2519 est
155 2447 360 2543 praeruptis
397 2446 601 2520 admodum
633 2445 838 2540 inpositum
869 2446 1077 2520 inaccessis·

64 2595 136 2666 que
152 2570 202 2629 (4)
227 2570 380 2667 rupibus
399 2569 604 2651 montium,
634 2566 831 2668 qud-'plebs
849 2572 966 2642 multa
989 2596 1076 2644 con·

63 2713 217 2767 venerat
249 2695 535 2794 Sogdianorum,
570 2695 676 2764 nullo
703 2693 924 2790 indigentiae
954 2715 1075 2780 metu,

63 2819 183 2915 copiis
209 2837 295 2892 anto
319 2819 508 2918 congestis.
564 2814 640 2886 Ubi
663 2841 750 2914 ergo
775 2815 898 2888 oblata
923 2819 994 2895 sibi
1019 2847 1078 2893 re·

62 2946 127 3020 uia
161 2971 238 3016 non
273 2969 426 3026 cessere,
469 2966 646 3042 magnum
677 2942 883 3036 praemium
914 2942 1081 3039 publicat

65 3070 209 3145 ausoris
251 3070 329 3142 eius
363 3070 441 3141 saxi
472 3067 743 3140 imoensioucm
783 3067 865 3138 auri
902 3071 1083 3145 talentum

64 3200 206 3295 primo,
235 3213 324 3268 tunc
340 3192 379 3245 (ὅ)
403 3193 568 3289 precium
594 3194 779 3268 secuturis.
898 3270 906 3278 ,
1053 3181 1057 3190 ’
1105 3280 1111 3305 ⁴

100 3393 150 3448 (a)
167 3391 230 3438 cod.
250 3390 355 3438 incastis
372 3403 446 3453 quac.
1047 3362 1049 3367 Ι

91 3538 96 3545 ’
114 3537 157 3607 (1)
178 3542 284 3611 Nempe
303 3538 342 3592 ad
360 3536 525 3610 potiendum.

116 3620 161 3692 (2)
181 3625 264 3696 Apud
285 3624 558 3679 Arrianumlv.16.
579 3633 620 3674 ert
642 3621 819 3676 Aristonicus

114 3706 161 3778 (ὅ)
182 3711 286 3781 Nempe
306 3710 363 3763 cius
385 3708 527 3761 exercitus.
645 3751 648 3757 .

112 3791 160 3866 (4)
183 3795 314 3867 Nempc'
304 3813 334 3848 m
351 3793 441 3847 indos
463 3790 577 3847 Omittit
593 3803 685 3846 autem
700 3809 783 3864 saepo
795 3793 1006 3866 praepositiones
1019 3794 1080 3853 Au-

66 3891 130 3935 ctor
147 3869 307 3969 itinerari&

112 3966 159 4036 (⁵)
186 3967 263 4025 Tunc
278 3984 329 4037 pro
345 3979 402 4019 tum
414 3961 512 4018 ridetis
530 3963 603 4034 apud
620 3964 812 4032 Symmachum
827 3978 896 4018 orat.
888 3983 962 4035 ,μυ
979 3965 1080 4021 Seuero
