2776 4934
455 432 651 531 ruarmo
1036 452 1068 495 ιι

53 591 119 650 mis
144 590 280 653 urbibus
303 604 531 676 persarumque
553 617 665 681 regum
685 594 894 671 diversoriis,
916 595 1065 681 direptis,

54 675 224 755 Hyrcanos
254 700 383 761 quoque
410 695 442 738 et
470 681 602 743 Parthos
630 694 664 739 et
687 682 815 743 Bactros
847 698 880 743 et
905 683 1002 743 Arios
1033 696 1066 742 et

53 761 191 823 Mardos
211 777 244 822 et
263 764 438 862 Sogdianos
457 781 490 827 et
506 767 657 845 Scythas,
680 789 793 854 genera
809 766 972 829 horhinum
990 769 1066 829 hor·
1138 820 1142 825 .

54 846 168 909 ribilia
182 871 217 909 ao
234 849 505 932 pertimescenda,
524 850 703 913 Alexander
721 854 915 936 perdomuit.
936 850 1065 913 Deinde

56 955 77 993 a
101 932 256 1020 rigidiore
279 937 500 1019 septentrione
527 938 620 999 armis
642 938 678 996 in
699 938 863 999 meridiem
888 939 1065 1013 conversis,

54 1032 168 1104 gentes
197 1019 317 1082 indicas
341 1021 510 1110 adgressus
537 1016 605 1096 esti,
647 1046 725 1107 quas
746 1046 838 1084 nemo
869 1042 1065 1109 europaeus,

55 1117 186 1187 praeter
212 1106 366 1175 Bacchum
382 1122 415 1167 et
433 1107 621 1182 Herculem,
641 1131 748 1192 neque
766 1108 959 1169 lacessendas
980 1108 1065 1170 hello

54 1210 165 1271 neque
180 1191 347 1253 tentandas
365 1209 553 1276 putaverat,
583 1193 677 1256 brevi
730 1197 927 1280 ¹regionem
945 1195 1065 1255 latissi-

57 1296 141 1334 mam
157 1277 254 1337 rebus
269 1279 370 1366 gestis
392 1280 459 1340 suis
474 1279 655 1364 complexus
673 1216 795 1357 emet
815 1281 930 1341 Porum
946 1301 1065 1367 regem,
1084 1288 1087 1293 '

56 1361 117 1443 qni
139 1361 360 1450 magnitudine
379 1387 447 1427 non
465 1366 568 1426 solum
586 1366 684 1425 animi
706 1386 816 1425 vermn
837 1367 932 1427 etiam
952 1384 1065 1448 corpo-

56 1446 106 1505 ris
132 1448 215 1509 mole
237 1449 353 1510 ceteris
371 1449 561 1512 mortalibus
581 1450 767 1513 antecellere
787 1449 978 1525 videbatur,
1001 1471 1065 1511 uno

54 1532 181 1615 proelio
198 1532 385 1623 profligavit
402 1551 434 1597 et
452 1537 557 1620 cepit:
579 1552 676 1619 atque
687 1537 816 1597 omnino
833 1534 968 1618 ubique,
984 1558 1065 1617 quo·

52 1617 194 1681 tiescum
242 1639 259 1678 e
286 1619 326 1679 ad
348 1643 458 1682 manus
485 1636 618 1683 ventum
638 1637 706 1696 est,
735 1622 882 1706 superior
907 1619 1064 1680 discessit.-

53 1700 126 1760 Iam
142 1703 201 1761 illu
241 1704 316 1785 quis
333 1706 410 1763 satis
426 1705 580 1779 miretur,
604 1705 691 1788 quod
712 1704 753 1765 oh
775 1703 984 1788 cupiditatem
1000 1704 1067 1790 glo·

56 1785 126 1847 riae
151 1786 335 1847 immensam
361 1787 585 1870 infinitamque
610 1793 710 1871 ipsam
741 1791 849 1849 oceani
883 1790 1069 1851 vastitatem

54 1868 155 1933 classe
180 1872 340 1947 tentavit,
369 1872 543 1956 missisque
566 1872 729 1934 nauarchis
754 1873 951 1961 incognitum
977 1889 1068 1932 antea

55 1977 183 2017 cursum
205 1957 315 2042 peragi
339 1958 451 2019 iussit.
484 1955 624 2018 Tandem
652 1979 691 2017 ex
712 1957 823 2017 ultima
847 1956 940 2016 India
961 1957 1065 2037 Baby·

28 2045 31 2049 ’
55 2041 163 2102 lenem
182 2041 302 2116 redux,
324 2043 454 2103 comitia
470 2045 613 2106 universi
632 2041 720 2103 orbis
735 2042 859 2105 ibidem
879 2042 1063 2115 celebravit,

55 2141 303 2210 cunctarumque
316 2150 376 2214 gen
382 2129 461 2188 tium
474 2128 693 2217 legationibus
705 2127 853 2187 adoratus
868 2142 929 2186 est.
950 2129 1062 2211 Quan-

57 2233 150 2295 quam
170 2211 224 2274 hle
242 2213 368 2273 demum
389 2215 494 2274 omnia
511 2236 551 2273 ex
573 2214 697 2275 laetitia
718 2228 751 2273 et
769 2213 932 2298 triumpho
951 2213 991 2273 ad
1002 2211 1061 2269 mi·

46 2297 171 2357 ,seriam
205 2313 237 2358 et
266 2296 364 2360 funus
391 2299 585 2360 reciderunt.
633 2298 715 2358 Nam
744 2299 798 2359 illa
829 2298 1060 2358 immortalitate

57 2381 92 2441 di
116 2405 156 2443 na
169 2385 338 2460 maiestas,
360 2384 414 2445 illa
433 2387 484 2445 vis
503 2385 619 2445 mentis
637 2385 866 2468 corporisque,
886 2384 941 2445 illa
957 2381 1060 2442 ireffa·

54 2404 135 2527 hiiis
150 2469 255 2528 virtus
273 2484 376 2529 morte
394 2469 503 2530 subita
519 2470 616 2530 obiit.
650 2468 746 2553 Quod
759 2471 824 2528 nisi
841 2470 973 2529 humane
985 2486 1062 2525 con-

59 2551 133 2611 silia
162 2552 276 2614 divina
302 2575 395 2639 saepe
412 2557 605 2614 necessitate
629 2571 871 2639 superarentur,
903 2550 1058 2613 donandis

57 2637 156 2697 etiam
184 2637 359 2699 occidentis
394 2661 428 2698 re
452 2636 584 2699 ionibus
621 2663 678 2699 nec
705 2639 851 2699 voluntas
882 2636 1058 2699 Almundro

56 2742 119 2780 nec
134 2722 222 2781 vires
241 2721 384 2789 deerant.
421 2662 510 2803 &uin
531 2722 609 2780 adeo
627 2725 689 2781 iam
705 2722 890 2808 Carthagini
907 2718 1058 2781 irl'ensum

57 2804 141 2865 fama
169 2802 371 2879 feretrato),
404 2820 520 2887 atque,
552 2818 588 2862 nt
615 2804 773 2891 eleganter
796 2810 915 2888 scripst
937 2804 1057 2863 Plutar-

56 2890 136 2950 chus
152 2889 214 2963 (Β),
241 2908 298 2947 ceu
326 2889 417 2949 stella
440 2886 592 2972 quaedam
612 2888 792 2949 Alexander
821 2888 859 2947 ab
872 2886 997 2947 oriente
1013 2891 1057 2961 ,in
1101 2921 1107 2934 ·

57 2995 203 3037 occasum
218 2973 440 3048 transiliebat,
469 2996 691 3058 armorumque
710 2997 840 3039 suarum
859 2969 1003 3055 ItlgOretn
1021 2965 1056 3033 iu

54 3060 184 3120 Italiam
213 3060 313 3141 ipsam
341 3059 539 3142 Romamque
567 3060 715 3121 iaciebat.
758 3063 856 3142 Atque
889 3057 1054 3137 equidem,

55 3160 96 3205 ut
114 3166 175 3275 ego
195 3144 352 3220 arbitror,
376 3146 529 3205 Romanis
551 3146 619 3205 suis
643 3143 763 3207 frustra
781 3146 885 3206 Linus
911 3140 1054 3201 adulatur

57 3245 109 3292 est
126 3241 135 3283 <
155 3233 187 3306 ),
210 3250 280 3289 cum
297 3252 351 3291 eos
368 3229 406 3289 ab
425 3228 606 3292 Alexandro
621 3232 790 3293 contendit
807 3232 914 3293 vitum
929 3228 971 3287 iri
988 3251 1053 3289 non

55 3316 176 3379 videri·
216 3314 282 3396 Qui
309 3318 393 3375 enim
413 3317 476 3375 iam
495 3330 600 3376 aetate
621 3333 653 3376 et
675 3317 798 3379 viribus
818 3311 1052 3373 aafirmatimes

56 3401 173 3480 Pyrrhi
191 3401 332 3485 epirotae
345 3398 500 3460 tenuibus
520 3403 624 3484 copiis
642 3424 735 3490 aegre
753 3393 904 3471 adqudum
922 3402 1052 3459 restite-

11 3479 15 3485 ’
60 3501 155 3561 runt,
182 3502 245 3569 quo
269 3502 362 3569 pacto
382 3487 540 3547 victorem
559 3486 649 3547 urhis
671 3481 973 3561 univera'sustinere
991 3506 1050 3567 po·

63 3571 223 3633 tuissent?
250 3572 392 3651 Pyrrhus
411 3571 515 3654 primo
536 3571 687 3636 conflictu
702 3584 803 3637 tanna
823 3577 958 3650 Stl'ssgent
982 3571 1050 3629 ‹ali-

60 3653 113 3715 dit
129 3656 371 3731 Romanorum,¹
386 3670 423 3716 ut
442 3679 517 3716 mox
538 3678 642 3742 usque
664 3658 704 3719 ad
725 3658 827 3737 Ustem
849 3654 1049 3735 populabun-

50 3764 1053 3894 7-*5‘*

119 3823 149 3895 1)
168 3830 275 3882 Curtius
291 3848 320 3882 x.
336 3844 359 3882 Ι.

98 3909 149 3982 (2)
171 3913 212 3968 Do
227 3910 335 3985 fortun.
359 3911 505 3971 flammat.
523 3913 573 3968 sub
596 3912 687 3969 linem·
705 3952 714 3985 Ι,

98 3997 145 4067 (a)
166 3998 229 4051 Lib.
250 4013 291 4049 ιι.
317 4005 421 4051 rer-19.
690 3993 707 4081 ’,ι’
