2776 4934
340 392 400 461 104
652 378 655 383 '
753 390 936 457 runcare

381 564 435 635 ,4·
459 564 573 622 Petrus
589 559 720 640 llaylius
745 560 780 619 in
797 560 902 623 lexico
925 564 1021 645 (seca
1038 562 1150 647 Ercps)
1172 573 1208 619 et
1228 558 1353 643 Moli

338 650 483 709 meminit
507 663 541 708 et
563 644 642 707 Iulii
659 643 801 709 Valeriis
830 649 868 707 in
890 668 930 709 eo
942 668 1022 711 vero
1044 646 1143 709 falsus
1164 658 1236 722 est,
1268 642 1355 727 quod

339 756 450 820 parurn
465 732 665 794 considerato
686 728 810 792 Bartbii
827 731 910 810 loco,
931 734 1060 818 putavit
1080 733 1157 795 huic
1170 728 1305 805 bomini
1319 726 1354 791 ad

338 842 464 879 manum
486 817 587 880 fuisse
609 816 730 879 Iulium
747 816 930 893 Valerium,
966 816 1076 905 quod,
1111 832 1158 879 ut·
1173 814 1270 891 dixi,
1310 835 1355 879 re.-

340 926 396 966 cus
418 919 479 965 est.
725 944 729 953 -

405 996 437 1052 6.
459 990 511 1051 Io.
528 986 680 1049 Albertus
701 984 868 1050 Fabricius
889 986 1055 1075 Aesopum
1077 1000 1112 1047 et
1124 984 1248 1049 Iulium
1263 984 1355 1053 vate

341 1078 425 1138 rium
440 1086 591 1136 memorat
607 1074 643 1132 in
657 1094 767 1160 graeca
782 1071 980 1135 bibliotheca
1004 1072 1055 1135 ed.
1068 1094 1147 1135 nov.
1163 1075 1205 1133 Τ.
1221 1070 1355 1135 111..in·

340 1175 391 1221 ter
413 1162 585 1247 scriptores
605 1154 779 1218 Alexandri
805 1180 878 1221 voc.
910 1170 1052 1240 Aesopus,
1075 1165 1279 1235 callisthenes,
1300 1167 1353 1223 lus

342 1254 468 1309 Hartlieb
481 1249 520 1299 (¹)
542 1250 671 1318 Molle,
703 1256 737 1303 et
757 1250 843 1307 lalus
864 1252 999 1309 Valerius.
1033 1242 1118 1306 Vide
1143 1244 1241 1303 etiam
1268 1244 1312 1305 Τ.
1324 1244 1350 1303 Ι.

368 1375 376 1392 .
395 1336 469 1393 622.
484 1330 522 1380 (²)
545 1328 641 1411 Quod
656 1342 761 1389 autem
775 1341 808 1388 et
820 1326 985 1389 Fabricius
998 1326 1077 1391 falsa
1088 1327 1242 1412 quaedem
1259 1349 1352 1413 super

339 1353 402 1479 llos
418 1415 504 1476 libro
523 1431 556 1474 et
569 1415 710 1475 Auctore
722 1413 815 1488 dicit,
836 1414 885 1475 nil
900 1415 1017 1474 mirum
1033 1430 1101 1475 ests
1125 1432 1253 1475 errores
1263 1418 1351 1475 -eninr

341 1523 383 1563 ex
399 1501 501 1560 aliena
517 1499 706 1561 auctoritate
721 1500 895 1561 contraxit.
1125 1508 1130 1517 ’

404 1591 436 1646 6.
459 1585 610 1669 Denique
636 1584 831 1646 novissimus
859 1584 1093 1647 Sancticrucius
1116 1584 1255 1669 (Euam.
1283 1586 1350 1651 trit.

340 1672 396 1732 des
411 1668 588 1733 historiens
605 1668 731 1731 d'Alex.
752 1670 785 1755 p'.
806 1676 878 1732 166.
894 1692 928 1730 n.
949 1674 1002 1757 1.)
1025 1668 1272 1754 quantordecim
1286 1673 1350 1735 sive

339 1756 455 1818 latinas
470 1756 548 1817 satis
567 1755 710 1819 diversas
721 1755 1006 1840 interpretationes
1021 1758 1092 1821 sive
1105 1753 1289 1819 earumdem
1304 1778 1351 1819 co·

343 1839 428 1901 dices
444 1840 567 1902 vidisse
590 1856 749 1902 renarrat
769 1862 896 1928 graecae
918 1842 1074 1905 hisrcriaa
1097 1841 1137 1903 de
1151 1842 1347 1905 Alexandro:

342 1925 464 2008 quoin
482 1946 616 1985 numero
640 1924 761 1985 Iulium
783 1946 914 2009 quoque
936 1927 1099 1989 Valerium
1121 1927 1162 1989 ab
1184 1949 1224 1989 eo
1248 1930 1347 1993 virum

340 2024 490 2085 autumo,
523 2009 673 2094 quoniam
695 2009 733 2070 in
759 2011 915 2094 parisiaco
938 2011 1048 2074 codice
1073 2013 1159 2074 bunc
1180 2014 1349 2077 Auctorem

383 2266 433 2351 (1)
453 2276 495 2329 Ic.
507 2274 638 2329 Albernrs
653 2272 792 2330 Fabricius
807 2274 935 2349 biblioth.
951 2293 991 2347 gr.
1008 2275 1052 2328 ed.
1068 2288 1125 2330 vet.
1148 2277 1184 2332 Τ.
1198 2279 1240 2333 ΙΙ.
1256 2296 1285 2351 p.
1295 2284 1346 2333 m.

341 2360 381 2415 ait
397 2363 437 2414 lo.
456 2360 628 2415 Hartlicbum
642 2378 832 2414 monacensem
845 2361 957 2426 hoium,
978 2361 1053 2415 iussu
1067 2361 1144 2415 ducis
1155 2364 1292 2419 Etruriae
1301 2364 1347 2419 dl·

341 2446 430 2512 berti,
457 2446 601 2500 historiam
615 2446 681 2501 Iulii
695 2444 801 2501 Valerii
819 2447 854 2499 da
868 2444 1026 2502 Alexandro
1045 2464 1145 2518 magno
1165 2450 1286 2509 elada
1300 2448 1345 2503 liu

343 2550 397 2604 gua
412 2533 442 2585 in
453 2533 634 2604 germanicam
648 2532 823 2598 convertisse,
838 2532 994 2604 editamque
1012 2550 1069 2587 esre
1082 2532 1226 2605 Augustae
1237 2534 1342 2593 Vindrl.

342 2636 387 2672 an.
404 2622 480 2673 1478.
503 2618 622 2691 citatque
632 2617 771 2672 Fabricius
791 2618 967 2673 Lambecium
979 2617 1027 2673 lib.
1043 2629 1068 2671 2.
1090 2616 1126 2670 de
1145 2618 1278 2675 biblioth.
1293 2620 1345 2677 vlu·

343 2703 407 2758 dob.
421 2722 448 2774 p.
463 2708 522 2758 949.
542 2702 628 2777 Atqui
641 2702 801 2759 Lembeeius
818 2714 878 2757 tum
891 2703 922 2756 in
936 2702 998 2756 loco
1018 2703 1117 2770 citato,
1143 2716 1204 2759 tum
1222 2706 1255 2760 in
1270 2706 1345 2763 utres

342 2788 465 2841 eiusdem
478 2789 657 2844 bibliothecae
671 2789 780 2843 vindob.
795 2789 917 2843 editione
934 2808 961 2860 p.
978 2795 1038 2845 857.
1053 2807 1116 2844 cum
1130 2803 1197 2845 ncta
1209 2807 1232 2849 1.
1256 2790 1346 2849 ruri-

341 2873 385 2928 cio
408 2875 584 2940 contradicit,
618 2875 837 2948 quandoquidem
861 2874 1008 2940 historiae,
1044 2876 1120 2929 cuius
1139 2876 1278 2949 interpres
1300 2876 1347 2933 frit

342 2958 513 3026 Hartliebus,
541 2960 658 3013 latinum
681 2971 819 3013 auctorem
833 2958 924 3012 vocari
936 2960 1088 3014 Eusebium
1104 2959 1162 3013 ait:
1191 2961 1282 3037 idque
1304 2982 1344 3019 es·

343 3044 482 3117 gnoscitur
503 3044 587 3097 etiam
608 3062 643 3098 ex
672 3044 753 3098 titulo
777 3044 929 3115 germanico
956 3044 1137 3101 Hartliebieni
1160 3050 1255 3119 operis
1279 3048 1344 3125 apud

342 3128 640 3183 eumdem'Fsbricium
655 3128 698 3181 ed.
713 3147 776 3182 nor.
795 3130 876 3184 1211,
890 3147 918 3201 p.
938 3136 978 3185 67.
1008 3132 1046 3185 Et
1060 3133 1136 3185 locus
1152 3150 1219 3187 rane
1230 3133 1346 3193 Feltrini

341 3228 487 3288 antequam
503 3215 575 3267 hanc
597 3213 745 3267 editionem
764 3214 877 3267 molirer
892 3215 1047 3287 exploratus
1069 3217 1138 3271 mibi
1153 3232 1231 3286 eret,
1260 3238 1345 3297 usqu·

341 3310 433 3354 tamen
455 3294 488 3353 eo
509 3317 569 3353 sum
586 3312 745 3353 commotus.
782 3299 898 3354 Etiamsi
916 3301 990 3355 enim
1004 3303 1158 3357 Hartliebur
1173 3322 1276 3377 reapse
1293 3306 1345 3363 edi·

342 3386 426 3439 disset
442 3385 594 3456 germanice
608 3383 711 3439 Iuliurn
724 3384 881 3451 Valerium,
902 3386 949 3440 lric
965 3387 1076 3459 quidem
1089 3388 1192 3456 latine,
1214 3408 1345 3463 queam

255 3512 265 3527 .
342 3487 392 3542 ego
408 3472 474 3537 scio,
496 3471 583 3525 adhuc
597 3482 654 3523 erat
669 3469 796 3523 ineditus.
819 3471 871 3526 Sed
886 3473 959 3525 euim
972 3473 1022 3526 hac
1038 3492 1118 3545 super
1132 3493 1162 3528 re
1174 3494 1264 3553 quum
1281 3478 1347 3535 emi·

341 3572 403 3609 cum
420 3557 565 3629 quemdam
582 3556 768 3611 doctissimum
784 3558 991 3622 consuluissem,
1019 3577 1053 3615 ex
1067 3560 1123 3613 eius
1138 3560 1173 3612 ad
1186 3579 1232 3613 me
1249 3564 1345 3619 litteris

340 3658 449 3712 prorsus
472 3642 678 3714 deprehendisse
703 3642 772 3695 mihi
791 3644 903 3708 videor,
937 3644 1072 3699 Hardiebi
1092 3645 1346 3716 interpretationem

341 3719 425 3796 (quas
439 3726 508 3780 milri
530 3746 586 3783 ncn
610 3740 651 3781 est
665 3727 699 3779 ad
715 3722 848 3803 manum)
869 3728 977 3783 aliunde
993 3730 1104 3785 omniuo
1120 3749 1204 3804 quam
1222 3753 1260 3791 ex
1276 3736 1346 3807 lulis

338 3808 450 3863 Valerio
465 3828 520 3865 esse
537 3830 699 3885 expressam.
805 3864 813 3887 ‚

383 3888 430 3970 (2)
453 3897 525 3950 Vide
550 3904 632 3953 etlam
656 3896 777 3951 eiusdem
794 3896 911 3953 Fabricii
933 3899 1122 3955 bibliothecam
1151 3900 1199 3956 let.
1219 3904 1298 3983 med.
1319 3918 1358 3959 st·

337 3978 423 4034 infim·
444 3996 525 4035 aetat.
546 4002 609 4037 cnm
627 3982 736 4036 'Mansio
760 3982 793 4037 Τ.
813 3985 863 4037 IV·
884 4004 911 4055 p·
927 3991 985 4041 2⁰4·
