2812 4920
0 226 60 281 to
265 158 534 285 meatuum
564 212 720 280 onl'rvs

0 414 110 486 pace
143 415 185 461 ac
216 390 291 463 suis
328 387 470 489 legibus
509 388 751 485 moribusque
786 387 992 467 donaverim

0 515 128 611 Quod
152 515 184 586 si
209 514 318 587 vobis
344 515 441 585 haud
464 514 653 612 displicet,
681 515 849 610 accipite
874 517 992 589 nosistt⁴

0 641 227 724 venientes,
254 656 309 724 et,
338 641 437 736 quod
463 660 518 713 est
542 642 729 713 amicitiae
755 664 914 723 munus,
932 644 991 713 Diis

0 763 217 837 sacrificate
241 790 309 861 pro
335 764 464 840 nobis:
490 767 567 836 iam
590 752 732 863 'quippe
768 764 884 839 vobis
907 764 988 839 ederi·

4 919 114 964 mus.
148 901 195 964 At
219 916 284 964 vos
310 893 424 963 velim
450 891 601 963 obviare
633 891 742 965 nobis
773 891 905 966 anirno
934 918 984 993 gn·

3 1036 142 1100 tante,
171 1043 255 1089 cum
280 1017 326 1088 ad
351 1018 554 1088 amicitiam
580 1016 650 1089 iter
674 1017 783 1090 istud
809 1018 979 1116 nonadpt·

1 1147 182 1227 „ticulum
207 1144 256 1216 sit
281 1144 482 1221 futurum«,

70 1276 180 1343 LXX.
214 1268 270 1342 Ad
297 1271 391 1339 -haec
422 1275 625 1340 Amazones
658 1268 894 1366 respondere.
918 1270 971 1356 ,Vi

4 1395 177 1468 fiduciae
202 1420 337 1466 munus
363 1410 417 1465 est
441 1383 511 1463 ‘vel
542 1393 725 1467 libertatis
760 1398 887 1469 omnia
917 1397 966 1481 tibi.

0 1551 103 1607 crox,
130 1521 288 1596 scribere
313 1544 405 1616 quae
429 1543 539 1613 penes
564 1543 632 1590 nos
657 1521 746 1600 sint,
805 1529 888 1597 Non
909 1520 965 1621 quei

19 1649 131 1720 fidem
155 1647 300 1759 scriptis
327 1645 478 1743 deroget
492 1644 568 1713 ulla
594 1647 776 1739 suspicio,
804 1647 865 1720 sed
883 1650 965 1755 utpit

2 1776 100 1849 nius
125 1797 252 1848 noscas
280 1790 316 1844 et
349 1771 437 1868 quid
471 1769 574 1864 operi
608 1771 726 1865 precii
762 1773 812 1844 sit
839 1775 891 1845 his
922 1770 966 1869 qti·

18 1925 176 1995 cumque
207 1896 513 1977 hostilifervore
546 1894 586 1963 in
623 1920 693 1966 nos
729 1900 874 1994 cupiant
914 1931 954 1963 ιι

17 2042 105 2094 tare.
157 2031 362 2093 Commune
394 2020 531 2113 quippe
569 2021 813 2097 humanitatis
839 2025 970 2099 studium

2 2171 92 2218 esse
118 2143 357 2226 arbitramur,
384 2144 423 2213 in
452 2168 617 2239 quaeque
643 2146 757 2219 dubia
778 2174 911 2223 ausuros
935 2150 971 2223 ni·

4 2271 77 2341 hil
101 2264 201 2366 prius
223 2294 337 2364 quam
375 2273 675 2343 emolumentum
708 2274 856 2347 laboris·
869 2277 905 2347 iu
925 2309 970 2338 ι’-ι

20 2415 201 2494 oportere.
235 2396 333 2469 Scito
360 2399 472 2497 igitur
502 2396 669 2490 primum
703 2402 828 2473 colere
858 2428 957 2476 nos1

4 2543 276 2595 teramnanum
312 2547 331 2592 a
381 2523 603 2594 Machonico
628 2522 669 2575 (ι)
701 2525 857 2602 flumine
888 2533 955 2602 10¹1

0 2713 1 2716 ,
20 2674 171 2722 omnem
188 2674 261 2742 quo
287 2649 520 2720 consistimus
536 2646 722 2721 ambitum
736 2652 796 2738 Ψ),
825 2682 869 2730 eo
883 2655 966 2755 fluet·

5 2775 165 2845 circiter
189 2775 312 2868 spacio
345 2798 418 2869 quo
441 2769 477 2824 (ὅ)
504 2800 575 2845 una
610 2776 658 2846 sit
690 2779 873 2854 aditicula
901 2800 965 2879 eet!

20 2903 83 2974 vix
109 2901 241 2971 accolis
267 2916 376 2982 nota,
411 2925 482 2995 qua
507 2919 648 2999 septem
682 2902 843 2978 flumina
872 2904 945 2981 vel'

21 3203 62 3255 (a)
80 3202 145 3247 cod.
164 3200 325 3251 ambientem
361 3199 397 3253 (b)
414 3203 476 3248 cod.
494 3217 560 3264 quaa
577 3214 613 3250 ut.

43 3457 90 3535 (1)
112 3466 193 3518 Haud
212 3465 267 3518 scio
292 3484 325 3518 an
345 3466 490 3519 dicendum
512 3467 703 3525 Machsioru'co
729 3479 862 3547 quoniam

20 3547 120 3621 peripl.
138 3550 263 3620 Euxin.)
278 3551 459 3606 Machelones
472 3556 586 3624 populos
604 3558 719 3610 collocat
743 3561 771 3612 in
795 3565 934 3627 Colchide,
981 3595 994 3645 ‚;

9 3659 12 3668 ι
38 3636 83 3705 lgo
98 3636 217 3688 ereditur
230 3637 304 3690 sedes
319 3640 497 3692 Amazonum.
521 3643 623 3694 'lamen
639 3657 667 3695 et
693 3644 879 3724 Machetegos
896 3668 930 3722 pe*

0 3741 3 3761 ·
16 3737 59 3771 ere
75 3734 137 3790 post
150 3722 325 3777 Oxidraneen
338 3724 477 3795 regionem
488 3725 586 3778 videsis
607 3728 636 3781 in
648 3730 811 3790 Ptolemaei
828 3738 901 3793 Asiae
976 3746 994 3772 Ν

10 3820 56 3857 ·11.
79 3807 110 3857 C.
131 3807 158 3858 b.
986 3877 992 3921 1
