2776 4934
362 440 420 491 roo
774 418 955 499 nononis

223 632 349 687 Historia
361 598 440 660 Asia
455 598 685 661 antiochenus?
707 599 861 685 Denique
877 597 1003 684 .(qnod
1021 599 1063 660 iis
1083 595 1285 689 temporibus
1309 598 1377 685 pla·

188 720 289 775 Auem
302 718 350 769 suh
361 707 401 744 ne
421 704 549 745 necesse
565 686 655 767 erat)
677 684 831 747 historiae
846 686 967 747 Auctor
985 688 1019 745 in
1039 688 1257 746 Romanorum
1272 682 1375 745 ditio·

187 807 328 861 Romano„
361 792 403 832 ne
426 768 575 855 degebat.
612 767 775 851 Quare-et
797 770 937 831 dominis
953 770 1089 855 {foedam
1110 772 1145 831 in
1160 771 1234 833 loeo
1247 770 1290 821 (⁸)
1311 792 1374 833 non

188 907 249 943 ,um
268 854 497 942 d550,ohscr1re
512 854 657 915 adulatus
682 870 749 916 ests
772 876 934 941 quumque
959 856 1044 941 apud
1062 856 1255 931 historicum
1268 854 1374 917 Mem·

189 994 223 1029 ne
247 975 301 1026 fuit
324 984 352 1025 e,
364 962 478 1001 nonem
498 936 618 999 dictum
639 939 786 1001 acerbum
805 941 978 1002 Alexandri
993 944 1027 1001 in
1045 942 1206 1003 Romanos
1226 930 1373 1029 legisset,

363 1026 488 1087 naviter
512 1025 546 1083 id
567 1027 637 1110 ipse
660 1048 716 1086 ceu
734 1026 873 1087 -iacrdmn
903 1026 951 1103 ad·
964 1024 1246 1127 Carthaginienses
1266 1024 1375 1125 depor-

365 1114 409 1173 ait
422 1109 471 1171 (θ).
504 1112 586 1171 Tum
607 1109 646 1169 ad
660 1110 779 1195 Aesopi
795 1127 911 1173 sectam
928 1112 1015 1197 (prod
1024 1110 1186 1190 adtinet,.2
1200 1108 1286 1185 leste
1304 1110 1372 1171 eius

364 1194 516 1269 historia,
545 1196 727 1257 christianis
755 1212 842 1261 certe
858 1199 954 1259 saeris
977 1200 1071 1259 nenio
1089 1190 1373 1259 imbutumhomi·

363 1304 436 1343 nem
449 1279 618 1341 iudicabit.
1237 1334 1240 1339 .

190 1402 261 1459 Am
282 1415 313 1453 u,
325 1411 353 1450 e,
429 1365 523 1428 VIII.
544 1366 724 1432 Dicendum
732 1381 782 1427 est
795 1381 827 1428 et
837 1369 966 1451 quinam
982 1366 1279 1431 autemehomines
1296 1386 1371 1455 opus

190 1419 280 1541 Iulia?
295 1486 354 1537 V„
365 1452 486 1535 Aesopi
505 1452 555 1512 vel
574 1450 651 1513 Iulii
669 1454 808 1528 Valerii,
839 1455 908 1517 sive
931 1454 1089 1538 appellato
1112 1454 1255 1515 auctoris
1277 1453 1370 1515 inter·

191 1572 274 1626 letius
304 1540 506 1624 an„pretiove
528 1536 658 1599 nomine
681 1540 750 1601 sive
770 1560 882 1615 secus,
898 1552 957 1599 aut
980 1561 1075 1601 manu
1091 1538 1308 1628 tractaverint
1324 1552 1369 1599 aut

191 1671 219 1710 ,e
238 1658 309 1709 lm„
324 1674 355 1708 e,
365 1637 448 1687 certe
465 1625 788 1686 commemoraverint.
1259 1700 1263 1715 Ι

432 1719 461 1769 1.
488 1709 678 1769 Vincentius
691 1707 897 1797 Bm‘gundus,
917 1710 1015 1797 vulgo
1032 1708 1285 1785 Bellovacensis,
1304 1722 1367 1771 toto

365 1794 451 1855 libro
469 1808 582 1877 rprarto
598 1794 726 1879 Speculi
743 1795 794 1853 sui
809 1794 986 1856 historialis
1010 1816 1061 1867 res¹
1076 1800 1181 1883 gestas
1197 1792 1366 1857 Alexandri

366 1879 491 1952 recitat,
513 1900 555 1935 ex
567 1887 681 1941 historia
696 1894 733 1936 ut
748 1878 817 2020 ipse
837 1881 894 1954 ait,
916 1889 1033 1957 eiusdem
1052 1875 1366 1979 depromptas.²lam·

365 1984 444 2025 vero
469 1983 536 2021 eam
551 1964 715 2021 materiam
735 1984 751 2019 a
776 1984 814 2021 eo
828 1962 962 2023 similem
985 1964 1095 2025 multis
1113 1956 1277 2033 editionis
1291 1984 1365 2027 meaa

366 2046 513 2133 partibus
529 2044 764 2128 deprehendes,
786 2061 824 2106 ut
840 2068 972 2131 prorsus
989 2052 1155 2110 existimes
1169 2050 1365 2137 oompilatun

367 2156 385 2193 a
400 2131 615 2192 Bellovacensi
630 2132 747 2190 Iulimn
763 2131 940 2193 valerium:
971 2136 1061 2194 cuius
1084 2136 1133 2194 rei
1146 2132 1284 2204 ,oausam
1303 2154 1364 2197 mox

368 2215 506 2299 explico.
545 2216 673 2276 Praeter
687 2216 765 2274 Iulii
780 2215 900 2278 Valerii
920 2208 1058 2279 codicem
1078 2219 1161 2279 alius
1184 2234 1239 2281 est
1255 2240 1363 2301 anony-

367 2316 438 2363 mus
457 2301 490 2359 in
503 2298 702 2361 bibliotheca
716 2300 913 2362 ambrosiana
931 2303 979 2385 (F
982 2348 990 2364 .
1003 2310 1075 2365 129.
1092 2319 1176 2388 part.
1192 2310 1364 2393 sup.)‚sae·

367 2387 439 2450 culo
460 2385 584 2446 circiter
606 2385 794 2447 duodecimo
810 2386 972 2471 ¹scriptus,
1001 2389 1091 2448 cuius
1115 2407 1165 2451 est
1182 2391 1305 2471 titulus
1320 2398 1364 2457 01·

368 2496 426 2547 tus,
447 2482 505 2535 vita
529 2495 556 2533 et
575 2481 663 2536 obitus
679 2480 838 2534 Alexandri
853 2483 944 2553 magni
959 2480 1145 2537 Macedonum
1159 2488 1245 2559 regis.
1274 2474 1310 2539 ῙΙ
1323 2496 1360 2539 w·

367 2557 431 2617 dex
446 2572 478 2615 et
495 2557 569 2619 stilo
585 2559 679 2642 paulo
692 2556 824 2640 quidem
838 2557 966 2618 rudiore
983 2559 1099 2635 utitur,
1121 2574 1154 2620 et
1168 2562 1274 2627 multa
1289 2580 1361 2649 prat·

369 2642 540 2717 termittit,
562 2643 715 2703 nonnulla
733 2644 829 2702 etiam
845 2642 938 2703 aliter
955 2662 1077 2720 narrot3
1100 2660 1247 2709 ceterum
1265 2646 1360 2712 inlu·

366 2727 444 2788 lium
462 2728 623 2791 Valerium
640 2730 828 2815 plerumque
849 2730 1015 2812 sequitur,
1037 2744 1074 2789 ut
1093 2729 1191 2791 huius
1217 2730 1361 2817 quoddffl

366 2811 500 2875 brevius
524 2817 682 2898 exemplar
705 2834 775 2873 esse
797 2812 954 2875 videatur.
999 2814 1079 2873 Eius
1108 2837 1170 2903 ego
1196 2816 1360 2881 rodiciti!

369 2896 491 2959 edendo
507 2897 592 2959 Iulio
608 2900 736 2961 Valerio
760 2914 947 2983 perpetuam
963 2898 1031 2958 fere
1057 2899 1267 2965 collationem
1290 2900 1359 2966 utili·

367 2995 417 3041 ter
440 3005 518 3042 usur
543 2986 613 3058 arri,
636 2982 722 3067 quod
748 3006 787 3043 ex
809 2984 889 3044 meis
906 2981 1166 3044 adnotationibus
1185 2986 1358 3053 idemtidem

367 3080 469 3151 patet.
491 3066 508 3125 I
532 3090 645 3151 emque
661 3089 742 3151 opus
759 3069 793 3127 in
806 3069 877 3129 aliis
895 3088 1025 3167 quoque
1040 3067 1259 3135 bibliothecis
1274 3090 1357 3137 sam

365 3151 396 3211 ri
412 3148 562 3227 arbitror,
584 3167 617 3211 et
631 3169 714 3213 certe
733 3155 767 3213 in
783 3154 870 3251 regia
885 3156 1037 3238 parisiaca
1052 3152 1122 3215 cod.
1141 3176 1357 3227 vrrrnccmxr·

358 3235 466 3313 ¹Porro
487 3250 519 3295 et
528 3234 696 3297 Salmasius
713 3237 750 3297 ad
765 3236 909 3299 Solmmn
924 3260 957 3324 p.
970 3244 1042 3302 765.
1059 3239 1093 3301 h.
1104 3236 1142 3303 C.
1156 3256 1191 3301 et
1203 3251 1284 3309 791.
1298 3238 1358 3307 nt.

363 3320 451 3379 locos
468 3319 547 3382 duos
566 3320 672 3383 laudat
690 3346 730 3385 ex
745 3325 842 3385 latina
858 3340 967 3386 vetere
980 3324 1255 3412 interpretatione
1272 3324 1359 3421 guoti

364 3405 473 3488 operis
493 3405 531 3466 de
543 3400 736 3471 Alexandro.
780 3410 939 3494 Quoniam
962 3430 1038 3474 vero
1056 3427 1219 3474 auctorem
1236 3430 1360 3479 nonno

189 1060 321 1114 ethnicus.

192 1741 325 1795 ditionem

190 1840 324 1900 quatenus

192 1912 250 1966 noti
292 1910 354 1964 fue-

192 1997 255 2053 rint·

364 3490 482 3567 minat,
520 3493 614 3554 immo
638 3517 709 3555 eum
730 3519 763 3581 p.
787 3501 860 3559 637.
884 3495 919 3557 h.
948 3492 989 3555 G.
1014 3493 1282 3581 dicitlincorrnm,
1315 3512 1359 3585 egl

363 3578 526 3639 enimvero
542 3579 621 3640 hanc
636 3582 756 3665 ipsam,
779 3581 817 3641 de
835 3602 897 3665 qus
911 3581 1048 3665 loquor,
1068 3581 1258 3649 breviorem
1277 3586 1358 3649 hirrc-

360 3662 441 3721 riam
456 3664 567 3725 lectam
581 3687 599 3726 a
615 3664 765 3727 Sahnasio
782 3667 937 3751 suspicor.
962 3665 1044 3726 Nam
1064 3670 1155 3755 operi
1172 3670 1309 3755 quidem
1321 3668 1356 3729 lu·

401 3910 447 3985 (i)
469 3916 570 3969 Lib.1.
592 3936 650 3989 esp.
667 3932 734 3971 ΠΙ.

401 3996 449 4068 (a)
468 4001 529 4057 Lib.
545 4005 568 4057 1.
589 4018 649 4075 erp.
665 4018 746 4059 xvxi.
767 4022 830 4059 eum
845 4016 909 4059 nora
926 4016 950 4063 s.
1021 4018 1027 4029 “
