2812 4920
320 388 547 493 strumen
562 429 623 493 111.
927 436 988 496 235

10 622 77 670 are
102 600 295 695 spatiosius
320 625 414 670 anne
433 600 558 672 terra?
584 607 736 673 Terram
750 628 825 675 esse
841 626 987 700 respon-

10 742 82 808 nt,
110 726 213 796 cuius
238 711 340 796 mare
364 728 504 824 gremio
531 745 687 801 tenetur.

47 852 149 919 XIX.
189 850 398 921 Sciscitatur
430 850 470 923 id
501 879 663 949 quoque,
701 878 879 949 quaenam
911 879 989 924 om·

10 975 224 1049 :moestia
251 976 419 1048 callidior
444 995 482 1048 et
506 976 689 1052 astutior?
715 981 787 1050 Hic
805 1005 891 1052 vero
904 1004 990 1050 cum
1078 992 1088 1019 ⁸

10 1128 49 1183 ,ιι
81 1103 273 1187 hominem
299 1128 374 1174 esse
398 1106 656 1197 pronuntiant,
691 1104 902 1199 adduntque
935 1129 990 1174 ra·

10 1254 122 1317 mem
148 1227 193 1298 de
218 1229 386 1323 exemplo
412 1231 486 1312 sui,
516 1229 581 1325 qui
605 1232 704 1302 solus
738 1247 796 1300 tot
830 1231 992 1301 animan·

10 1378 71 1425 tm
98 1355 203 1424 milia
229 1354 423 1437 illexisset,
449 1371 491 1424 ut
507 1354 552 1424 ad
566 1355 812 1450 persequenda
829 1380 881 1439 ea,
900 1381 993 1450 quae

10 1478 55 1559 is
84 1496 225 1561 essent,
250 1478 405 1574 praedae
431 1480 632 1575 cupiditate
656 1480 877 1552 laborarent.
904 1487 991 1552 Non

10 1628 27 1673 ι
53 1620 103 1675 ut
127 1603 173 1673 ad
201 1605 469 1675 contumeliam
501 1603 608 1675 dictis
640 1606 843 1677 Alexander
869 1632 994 1677 move·

10 1744 97 1801 tur.
128 1731 326 1801 Enimvero
353 1728 474 1811 addit,
509 1728 600 1823 quid
631 1729 830 1823 imperium
864 1731 938 1799 illis
952 1729 994 1780 (α)

10 1851 193 1925 Ξεῐεῐιιτὶ)
219 1862 267 1926 At
290 1854 349 1924 ilti
374 1851 513 1923 fraudis
536 1855 743 1948 potentiam
759 1881 833 1926 esse
847 1838 994 1949 respon·

10 1980 68 2084 {tt
92 1978 139 2049 ad
171 1979 287 2050 vitam
321 1978 501 2073 temporis
538 1977 811 2064 blandimento,
846 1982 928 2062 vel,
963 1978 995 2048 si

10 2140 20 2175 ε
58 2105 234 2187 mavelit,
279 2104 413 2175 iniusti
452 2103 612 2178 audaciai.
673 2108 822 2202 Quaerit
863 2107 994 2189 etiam,

10 2255 155 2301 rumne
181 2229 257 2302 dies
283 2256 329 2302 an
356 2257 443 2303 vero
469 2255 545 2300 nox
575 2231 677 2325 prius
708 2231 905 2301 constituta
931 2255 998 2324 pu·

10 2322 145 2431 veturl
172 2357 356 2449 ‘Nihilque
380 2372 618 2438 cunctantes,
653 2373 801 2427 noctem
833 2357 998 2450 priorem

10 2480 112 2555 line
144 2501 313 2579 posuere:
358 2501 444 2548 cum
482 2479 607 2547 omnia
640 2502 787 2573 quoque
822 2497 999 2575 concepta

10 2602 133 2685 tendi
158 2602 361 2697 auspicium
393 2601 433 2670 in
468 2599 628 2671 tenebris
657 2605 878 2673 sortiantur:
914 2621 1000 2699 post

10 2726 66 2805 ἑο
96 2747 181 2799 nata
206 2730 247 2798 in
272 2729 364 2798 lucis
388 2727 503 2822 spatia
529 2726 840 2823 transmigrarent.

52 2860 137 2929 XX.
175 2855 299 2952 Pergit
321 2853 480 2950 denique
504 2851 698 2941 sciscitari,
725 2854 873 2922 cuinam
899 2880 1000 2924 men-

10 2978 266 3081 },hominem
304 2950 380 3051 non
414 2974 627 3074 oporteret?
667 2982 896 3074 Responsum
927 2999 999 3070 est,

19 3084 51 3215 ἦ
113 3104 214 3201 quod
240 3104 366 3175 omnia
391 3104 518 3176 videns
545 3103 610 3173 ille
628 3103 678 3173 sit
702 3121 812 3199 atque
830 3108 1000 3177 omnium

13 3310 17 3315 ,
49 3220 62 3233 “’
86 3258 115 3305 s.
150 3230 301 3327 Quaerit
325 3231 455 3315 etiam,
484 3253 659 3325 quasnam
683 3229 723 3298 in
752 3232 904 3302 homine
921 3257 1002 3327 par.

26 3346 34 3355 ¹
67 3358 321 3435 honoratiores
347 3381 422 3427 esse
453 3352 730 3427 existimarent?
765 3362 903 3426 Laevas
926 3381 1003 3427 esse

10 3464 18 3501 ⁷
94 3509 202 3555 nsum
227 3501 304 3568 est,
332 3482 430 3578 quod
455 3483 511 3554 sol
537 3484 649 3553 etiam
677 3480 797 3552 oriens
833 3507 876 3553 ex
897 3483 1002 3552 laevo

10 3648 24 3659 -
53 3612 56 3619 ’
90 3637 217 3687 orsum
235 3611 460 3682 curriculum
477 3626 711 3704 exsequatur:
737 3625 824 3677 tunc
841 3600 876 3657 (⁶)
903 3603 1004 3701 quod

100 3740 110 3757 ⁶
157 3739 192 3810 'o
218 3734 382 3810 maribus
414 3758 457 3807 ac
481 3734 637 3813 ¹feminis
678 3736 865 3806 laerarum
899 3757 1004 3830 mage
