2776 4934
554 429 637 525 sav,
651 431 781 498 nuru
799 431 859 493 111.
882 438 893 487 ·.
1139 435 1208 491 eu

194 606 335 690 soluto,
361 601 496 702 viginti
521 601 638 676 fenne
665 601 741 674 dies
765 603 920 677 induciis
945 603 1098 688 dantur,
1126 604 1207 700 qui·

193 729 260 801 bus
287 731 478 824 utrimque
502 726 720 825 sepeliendis
757 728 1018 826 exurendisque
1052 732 1109 801 his
1142 731 1206 825 qui

162 854 290 969 apud
314 857 447 929 alteros
458 852 499 904 (α)
513 855 657 950 proelio
667 853 1039 926 desideratifuerant
1028 856 1205 926 matitere.

267 985 346 1051 XII.
381 978 450 1053 Sed
487 980 587 1052 hirae
620 978 753 1076 quibus
769 975 804 1031 (ὖ)
838 979 915 1050 dixi
948 979 1076 1052 diebus
1108 979 1206 1050 haud
1261 993 1381 1047 Alexan-

190 1106 297 1202 pauci
322 1105 549 1176 Persarum
537 1130 577 1176 m
601 1123 721 1201 partes
753 1106 841 1177 Pori
871 1108 1024 1196 transire
1054 1106 1207 1177 Alexan·
1219 1082 1261 1135 ari
1300 1075 1364 1130 Pori
1366 1104 1380 1116 '

193 1233 259 1303 dro
291 1230 566 1310 nuntiabantur
619 1231 728 1328 Quod
758 1254 844 1301 cum
877 1248 915 1301 et
950 1232 1119 1327 inpune
1115 1227 1206 1301 lieri
1217 1163 1377 1306 {iiiiii-

191 1354 416 1450 pervideret,
451 1374 498 1428 et
538 1355 840 1428 consuetudinem
872 1354 973 1426 haud
1010 1355 1205 1455 commode
1216 1357 1289 1393 '¹¹²¹'

190 1481 341 1579 gliscere
365 1478 453 1559 fidei
478 1478 788 1580 neglegentibua,'
805 1482 879 1552 init
909 1481 1105 1551 consilium
1147 1482 1204 1551 uti

190 1612 327 1677 Porum
353 1605 397 1676 ad
409 1607 617 1678 solitarium
631 1607 710 1700 ipse
722 1607 905 1700 proelium
922 1600 1203 1701 provocaret-(⁰,

191 1748 309 1802 cetera
341 1714 463 1804 dicens
495 1756 626 1832 genera
659 1730 823 1802 bellandi
856 1730 1045 1803 fortunam
1080 1755 1205 1824 expec-

193 1871 272 1925 tare
295 1857 419 1950 potius
437 1856 472 1907 (θ)
498 1880 611 1953 quam
633 1857 824 1933 ,virtutem
858 1875 921 1928 aut
950 1858 1122 1955 =gloriam·
1141 1856 1205 1925 du·

126 2057 127 2060 ¹
192 2005 289 2051 cum.
324 1982 524 2056 Enimvero
544 1982 622 2056 eibi
657 2008 733 2055 non
763 1980 929 2055 indidem
953 1981 1103 2053 laudem
1134 1981 1206 2051 viri

188 2109 428 2203 imperatores
440 2106 480 2160 (d)
506 2125 673 2203 captare,
700 2104 797 2179 unde
831 2106 985 2183 subditis
1011 2109 1083 2179 suis
1108 2108 1204 2202 peri·

188 2236 315 2305 culum
325 2234 454 2335 :lieret
498 2234 691 2329 Optimum
726 2258 812 2332 ergo
847 2233 884 2300 in
907 2252 1077 2327 utroque
1108 2226 1205 2301 i'udi-

187 2379 273 2432 cant
298 2352 389 2443 viri,
416 2362 448 2433 si
472 2358 545 2432 suis
569 2360 641 2453 ipsi
666 2359 776 2430 duces
800 2357 971 2428 manibus
997 2358 1203 2451 experiren-

184 2500 255 2551 tur
291 2482 398 2578 Quod
423 2484 455 2552 si
479 2489 575 2552 Poro
601 2480 756 2562 sederet,
793 2480 984 2601 fortunent
1016 2478 1203 2553 eiusmodi

209 2678 249 2726 (a)
268 2677 308 2718 Ita
324 2673 382 2718 eorl.
399 2671 504 2720 aanor.
532 2669 568 2725 (b)
585 2674 626 2717 Ita
642 2670 701 2718 eorl.
719 2683 814 2729 graece
832 2683 911 2717 more.
940 2673 976 2725 (c)
992 2672 1055 2719 cad.
1073 2674 1198 2731 prosimu.

184 2747 1175 2806 (d)1taeod.tmperaeeres··

230 2897 276 2977 (1)
299 2903 440 2976 Singulare
460 2892 611 2958 Alexandri
634 2922 696 2959 eum
711 2907 783 2958 Poro
807 2920 942 2958 certamen
968 2918 1092 2961 narratur
1117 2903 1200 2955 etiam

186 2990 321 3042 aIuatino
346 3006 404 3043 ΧΠ.
427 2996 452 3045 8.
484 2989 629 3044 Commisso
651 2991 771 3062 proelio,
802 2992 952 3045 exereitum
968 3008 1043 3043 suum
1069 2982 1199 3064 (Porus)

187 3073 360 3128 Macedonas
375 3075 503 3127 invadere
529 3072 618 3142 iubet,
640 3076 691 3130 sibi
713 3094 804 3149 regem
829 3096 919 3130 eorum
942 3073 1199 3149 privatumllrostem

186 3159 317 3231 deposcit.
348 3161 409 3214 Nee
427 3159 592 3214 Alexander
608 3179 718 3234 pugnae
733 3180 835 3216 moram
841 3160 931 3235 feeit,
953 3163 1002 3216 sed
1018 3162 1109 3233 prima
1133 3179 1196 3213 ron·

185 3249 323 3317 gressione
339 3244 481 3299 vulnerato
498 3264 583 3317 equo,
617 3268 675 3300 eum
699 3267 829 3319 praeceps
860 3252 886 3300 in
911 3263 1010 3302 terram
1033 3238 1196 3310 deeidirset,

186 3349 313 3385 concursu
327 3329 476 3384 satellitum
491 3345 620 3384 servatur.
643 3332 728 3387 Porus
746 3332 836 3386 multis
853 3332 1007 3386 vulneribus
1022 3330 1131 3385 obrutus
1148 3350 1195 3383 co-

185 3418 268 3486 pitur.
311 3417 385 3490 Quin
400 3417 433 3469 ab
451 3416 607 3470 Aristobulo
623 3418 771 3474 Alexandri
791 3418 891 3472 comite
909 3433 936 3472 et
968 3417 1098 3472 historico
1120 3416 1194 3469 idam

186 3515 320 3557 certamen
333 3503 463 3573 scripturn
481 3503 534 3554 suit
547 3503 654 3576 ipsique
672 3504 829 3558 Alexandro
847 3505 956 3557 lectum·
979 3501 1112 3571 (Lucian.
1125 3521 1193 3574 quo-

186 3588 265 3640 modo
279 3587 420 3641 scribenda
434 3588 471 3639 sit
485 3586 597 3640 ltistorr‘a
612 3607 669 3657 cap.
686 3583 769 3662 xlx.)
811 3586 1014 3665 Ἀριστοβούλου
1030 3593 1193 3664 μονομαχίαν

185 3673 331 3746 γράψαντος
346 3671 515 3748 Ἀλεξάνδρου
539 3677 583 3730 καὶ
600 3672 715 3750 Πώρου,
737 3678 781 3731 καὶ
797 3674 948 3750 duumuiri-er
963 3676 1033 3748 αὐτῷ
1046 3680 1122 3734 τοῦτο
1139 3673 1192 3749 μᾶ-

184 3765 260 3816 Atera
275 3758 305 3817 ri
326 3765 422 3836 Χωρίον
436 3767 481 3831 τῆς
496 3767 609 3835 γραφῆς.
637 3760 725 3814 Addit
744 3773 833 3815 tamen
844 3762 945 3815 ibidem
960 3763 1092 3816 Lucienus
1102 3763 1190 3813 risum

185 3863 244 3897 esse
258 3846 414 3899 Alexandro
430 3845 533 3897 fabulas
543 3856 685 3899 contexere
699 3845 897 3900 Aristobulum.
917 3848 1043 3920 Denique
1058 3847 1105 3899 alii
1116 3845 1190 3917 apud

181 3930 330 3984 Arrianum
345 3933 380 3984 V·
394 3935 437 3986 14.
454 3930 529 3983 aiunt
548 3932 734 3985 Alexandrum
748 3932 864 4003 Parique
878 3933 963 3987 filiurn
986 3933 1057 3985 inter
1076 3950 1104 3984 se
1122 3950 1189 3983 oon-

182 4016 304 4080 nutrisse,
314 4017 458 4089 ipsumque
472 4015 508 4069 ad
522 4034 554 4070 eo
567 4017 752 4073 Alexandrum
769 4034 829 4071 eum
837 4020 991 4090 Bucephala
1006 4020 1186 4074 vulneratum.

1350 3216 1364 3267 l

234 4252 260 4283 a*
