2776 4934
201 436 260 500 142

492 424 759 521 suaxaumr
781 402 938 489 ortvs·
1053 457 1063 481 ,

273 490 281 519 t

199 601 371 701 insignita
392 618 478 673 sunt
502 617 541 671 et
559 598 732 694 inscripta
756 593 934 695 aegyptiis
958 586 1000 668 ac
1024 590 1139 665 sacris
1154 591 1212 665 lit·

199 726 298 797 teris.
333 733 646 798 Eorum‘causam
671 740 707 794 et
726 720 909 821 originem
934 742 1020 795 cum
1043 716 1213 815 requisis-

201 868 273 933 set,
301 851 554 924 Sesonchosim
570 849 608 899 (ι)
633 873 756 948 regem
773 870 904 921 eorum
921 822 1122 920 auctorem
1141 866 1215 915 esse

125 1002 134 1018 ¹
203 973 384 1059 dicebant,
411 976 476 1071 qui
500 975 642 1071 potitus
668 970 917 1045 universitatis
939 968 989 1043 ad
1012 968 1072 1042 sui
1095 946 1216 1073 moni·

204 1119 371 1176 mentum
384 1099 670 1181 essevoluisset,
698 1122 790 1193 quos
805 1096 889 1169 Diis
908 1082 1117 1198 religiosius
1133 1116 1216 1167 con·

204 1242 415 1298 secreverets
463 1230 595 1298 Lectae
621 1224 777 1319 denique
800 1248 868 1319 per
891 1224 1138 1317 interpretem
1162 1218 1218 1289 lit·

205 1370 305 1424 terae
319 1352 509 1425 continere
524 1367 609 1421 sunt
626 1347 795 1445 proditae
814 1344 1029 1420 huiusmodi
1043 1345 1216 1448 gretiam}

249 1530 311 1573 nax
335 1518 470 1571 merrus
490 1453 683 1570 sa'sorscnosrs
706 1504 794 1568 odsrs
816 1526 930 1568 rorans
947 1504 989 1555 (ὓ

213 1670 219 1685 ,
251 1640 403 1684 rausum
423 1640 659 1711 urrur‘rorrvs
682 1630 741 1677 ouo
768 1613 921 1675 sarsum
944 1611 1181 1679 cossrounill.

42 1759 198 1817 Alexandr>
284 1764 430 1851 XXXII.
466 1758 553 1832 Adit
578 1781 663 1858 ergo
680 1752 893 1836 „Alexander
922 1783 1030 1855 prece
1061 1754 1217 1829 maxims

35 1848 200 1919 praedicitur
348 1888 355 1902 .
549 1884 557 1900 .
612 1882 628 1907 .,
661 1882 670 1897 .
909 1888 912 1893 .

39 1933 110 1986 orbis
148 1935 199 1988 ‹10-
211 1887 464 1982 deposcrtque,
504 1901 561 1954 utr
593 1907 626 1953 ει
658 1898 726 1951 reta
762 1894 838 1952 reta
873 1900 966 1955 esset
998 1881 1099 1952 fama
1135 1903 1218 1977 quae

38 2020 162 2074 minatus.

258 2117 305 2197 (l)
329 2122 456 2195 Intellige
474 2122 624 2175 Sesostrim.
663 2127 722 2178 Iam
739 2128 790 2179 hoc
810 2144 910 2179 nomen
925 2123 1001 2178 miris
1016 2121 1107 2176 modis
1120 2124 1216 2175 ndu

214 2207 314 2262 videsis
337 2205 409 2276 apud
429 2212 548 2276 zoegam
569 2208 603 2259 clo
622 2210 690 2280 orig.
714 2225 742 2264 et
768 2230 817 2264 usn
835 2209 944 2264 obelisc.
968 2228 1011 2280 pp.
1027 2213 1071 2263 16.
1089 2212 1152 2261 600.
1165 2208 1215 2263 641.

215 2292 287 2346 Vide
302 2303 330 2343 et
344 2291 502 2364 interpretes
508 2292 625 2345 Diodori
638 2296 659 2345 Ι.
669 2301 709 2348 55.
733 2296 787 2352 set
800 2297 879 2368 plane
894 2294 1030 2348 consentit
1045 2292 1215 2351 oum-1⁶6·-

214 2378 283 2435 lerio
306 2375 424 2430 Iustinus
446 2379 554 2446 Martyr
573 2380 645 2449 apud
667 2398 747 2452 quem
772 2381 881 2436 Cohors.
903 2380 949 2432 ad.
979 2378 1079 2433 Graec.
1098 2396 1158 2452 esp·
1174 2391 1213 2431 11.

217 2464 316 2517 diserte
326 2463 428 2532 legitur
437 2464 621 2537 Σεσᾶγχωσις.
644 2466 788 2521 Sesostridi
798 2483 900 2521 nomen
911 2479 949 2521 est
960 2461 1134 2521 Sesoncbbsis
1145 2463 1216 2519 dm

216 2550 289 2622 apud
303 2549 478 2604 Scholiastem
493 2550 527 2603 ad
546 2551 674 2620 Apollon.
689 2554 767 2609 rhod.
785 2569 828 2607 tv.
848 2559 906 2605 272.

261 2633 305 2702 (2)
327 2636 382 2687 Res
403 2636 534 2689 maximas
557 2655 573 2688 a
588 2638 748 2695 Sesonohosi
770 2633 841 2714 (seu
862 2629 1034 2711 Sesostrids)
1058 2636 1149 2707 gestis
1165 2635 1217 2706 lege

218 2721 290 2792 apud
305 2719 458 2773 Diodorum
472 2723 495 2773 Ι.
512 2729 553 2775 66.
575 2734 602 2775 et
617 2742 692 2796 seqq.
1169 2730 1173 2739 “

264 2801 309 2879 (5)
333 2808 452 2877 Serapim
468 2825 604 2863 summurn
616 2828 708 2864 retum
723 2811 866 2865 domiuum
881 2807 989 2881 copiose
1006 2804 1149 2878 praedicat
1162 2803 1218 2861 Arl-

219 2891 301 2945 stidss
319 2904 388 2945 orat.
403 2893 431 2942 in
442 2892 571 2944 eunnlsm.
1102 2886 1109 2897 ⁴

264 2970 311 3050 (t)
334 2977 423 3048 Igitur
441 2977 508 3029 duos
532 2978 581 3029 lros
600 2977 731 3031 obeliscos
747 2979 873 3035 Sesostris
897 2979 956 3050 ipse
978 2976 1127 3029 dicaverat·
1161 2974 1220 3031 Su

222 3061 351 3116 obeliscos
367 3062 424 3113 eius
440 3079 521 3133 opera
536 3075 637 3115 erectos
652 3063 972 3121 commemorentPlinius
984 3077 1098 3116 xxxva.
1113 3062 1219 3115 ssatll·

219 3147 451 3206 Diodorus1.67·
479 3146 550 3200 Hinc
575 3148 656 3202 etiarn
675 3167 835 3220 cognoscas,
858 3149 893 3201 de
909 3149 976 3202 Iulii
995 3146 1108 3220 quidem
1126 3142 1222 3201 Valerii

223 3234 280 3289 siva
301 3230 402 3302 Aesopi
416 3230 548 3286 sententia
563 3232 721 3302 Serapidem
738 3237 842 3291 cultum
856 3235 884 3288 in
901 3236 1027 3305 Aegypto
1048 3232 1114 3304 ipsis
1133 3234 1222 3288 Seson-

223 3319 312 3372 clrosis
336 3310 409 3390 (seu¹
426 3314 612 3390 Sesostridos)
638 3320 820 3391 temporibus,
850 3321 952 3374 scilicet
972 3319 1083 3373 omniuo
1104 3330 1168 3373 ante
1182 3314 1222 3372 llil

224 3403 363 3458 excidium
386 3402 488 3455 nedum
511 3415 573 3455 auto
591 3403 788 3466 Alexandrum.
825 3407 914 3478 quue
936 3418 1031 3459 notatu
1051 3404 1167 3474 dignum
1189 3411 1222 3455 est

224 3503 336 3562 propter
359 3488 568 3542 controversiam
585 3503 707 3543 veterum
720 3509 908 3563 novorumque
920 3488 1097 3545 Eruditorum
1112 3489 1225 3543 celeber·

224 3575 320 3629 timum
337 3574 529 3646 disputantium
543 3592 610 3629 num
624 3577 768 3649 Aegyptiis
785 3591 847 3630 autc
863 3579 1030 3632 Ptolemaeos
1059 3586 1126 3629 note
1147 3571 1224 3629 luerit

225 3676 256 3711 es
266 3658 367 3729 religio
383 3678 432 3717 neo
449 3678 492 3712 ne.
514 3660 558 3713 Ex
577 3660 610 3713 iis
626 3664 673 3734 qui
690 3663 724 3714 de
743 3662 903 3734 antiquitate
918 3659 1052 3732 Serapidis
1068 3656 1228 3733 aegyptiaci,

224 3743 306 3812 louge
327 3762 406 3814 supro
420 3747 636 3801 Ptolemaeorum
656 3761 785 3812 aetatem,
811 3750 988 3818 scripserunt,
1015 3747 1155 3799 neminem
1176 3742 1226 3814 legi

227 3827 375 3882 doctiorem
391 3844 500 3883 auctore
524 3831 635 3900 gallicae
651 3833 843 3887 dissertationis
863 3834 896 3886 de
911 3837 969 3887 Deo
987 3831 1131 3902 Serapide,
1158 3829 1228 3885 cuins

227 3912 279 4053 agri
297 3930 504 3983 cognomentum
526 3916 557 3969 in
578 3917 664 3972 lexico
679 3920 888 3987 Anonymorurn
904 3922 938 3973 T.
953 3921 977 3972 Ι.
997 3938 1024 3974 n.
1044 3922 1120 3972 1414.
1137 3915 1231 3973 deiru

227 4044 230 4051 ,
258 3997 376 4053 alliotus.
