2776 4934
217 441 259 498 as
364 505 366 510 ,
574 413 871 529 inserantur

214 605 350 678 merito
384 603 540 679 felicior.
587 602 777 704 Siquidem
793 606 835 660 (θ
867 611 949 682 Deo
980 602 1142 702 praesidi
1178 594 1253 679 aus

216 730 378 826 ceptiora
404 750 492 804 sunt
516 749 603 805 vota
628 756 721 829 quae
744 731 800 806 fas
824 750 862 805 et
882 731 1063 806 modestis
1078 728 1119 781 (ι)
1145 738 1232 802 conr

192 857 330 957 φορὴ,
356 882 467 954 quarn
492 881 586 955 quae
609 856 734 933 efferis
753 856 920 945 moribus
941 855 1152 932 inconsulta
1178 878 1231 946 sr-

211 983 379 1081 rogantia
404 985 511 1080 rapit

286 1113 349 1181 XI.
372 1109 442 1180 Ille
466 1105 540 1180 sibi
563 1108 636 1181 soli
659 1108 791 1182 vicisse
815 1109 993 1210 gloriatus
1004 1105 1065 1192 (²),
1096 1104 1231 1181 iactus·

96 1243 99 1247 ’
211 1255 283 1328 que
307 1231 347 1302 in
365 1234 505 1306 amicos
526 1234 688 1318 saevior,
714 1258 788 1331 quo
805 1234 950 1309 felicior
967 1234 1093 1308 fructu
1110 1233 1229 1323 victo·

210 1359 304 1442 riae,
342 1359 474 1430 calluit
505 1356 554 1432 ob
586 1357 627 1430 id
651 1354 900 1435 tumultuatos
914 1357 950 1413 (ὅ)
957 1386 970 1445 3
1005 1359 1115 1431 saluti
1139 1380 1229 1433 vero

209 1504 383 1585 rprnanae
415 1502 458 1556 tu
491 1484 675 1570 militans,
709 1487 745 1559 ei
777 1512 867 1561 mox
890 1488 1048 1584 imperio
1079 1501 1229 1556 conten·

208 1607 299 1683 dens
323 1627 461 1695 aetate,
487 1612 589 1685 ouius
614 1629 653 1684 te
676 1614 816 1714 gloriae
837 1610 1086 1686 inmortalitas
1111 1608 1228 1681 comi·

185 1735 344 1810 'tabitur
360 1737 409 1809 (ὅ).
458 1741 609 1812 Etenim
633 1765 681 1812 ne
707 1737 778 1813 tibi
802 1741 913 1813 tantis
938 1765 981 1811 ao
1005 1730 1142 1810 talibus
1168 1761 1227 1811 oe·

205 1881 339 1956 cupato
373 1865 470 1933 ultra
503 1861 702 1958 obloquar‚
739 1864 827 1934 hinc
860 1862 1056 1938 exordium
1079 1861 1225 1936 faciam.

494 2066 679 2125 PROSAPIA
710 2064 933 2127 ALEXANDRI

70 2245 192 2302 mezan-
278 2199 358 2268 ΧΠ.
383 2193 588 2268 Alexander
605 2211 713 2268 natus
729 2196 952 2295 Olympiade
975 2197 1117 2299 generis
1137 2203 1226 2271 Aea·
1254 2280 1258 2293 Ι

29 2331 73 2386 dri
107 2351 190 2405 tenus
203 2320 388 2406 citiarum,
422 2338 527 2419 patre
553 2320 744 2424 ambiguus
769 2321 860 2408 fuit,
895 2330 984 2398 Iove
1009 2330 1223 2396 Hammone

25 2419 268 2573 :fpffl'gtali
301 2449 346 2524 de
378 2448 527 2533 sobole,
563 2466 600 2520 et
617 2447 652 2498 (θ)
677 2448 861 2521 heraclide
885 2448 1061 2545 Philippo
1087 2471 1223 2544 conpe-

25 2589 123 2644 veesio.
200 2592 312 2647 tente.
364 2573 434 2647 Sed
457 2573 524 2677 ubi
548 2575 720 2674 Philippo
753 2575 940 2658 successit,
983 2597 1140 2670 eumque
1166 2570 1223 2642 ul·

198 2719 260 2774 tus
294 2719 349 2773 est
372 2702 548 2774 Pausania
581 2729 685 2776 caeso
719 2729 806 2787 cum
830 2700 947 2774 tribus
973 2698 1078 2784 filiis,
1115 2694 1221 2794 quod
1259 2720 1262 2725 ·

197 2826 239 2898 hi
264 2826 533 2923 praesidentem
553 2830 713 2930 ·Aegensi
746 2831 893 2904 theatro
922 2829 1136 2925 Philippum
1160 2827 1219 2899 in·

219 3057 260 3110 la>
276 3057 341 3104 cod.
364 3059 492 3118 siquidem
515 3057 647 3119 emamus.
679 3051 715 3110 (b)
729 3054 793 3107 (lod.
812 3055 990 3104 emulemur.
1023 3056 1060 3108 (c)
1076 3053 1141 3102 cod.
1162 3067 1217 3110 pre

194 3141 220 3184 es
236 3133 315 3179 hsbet
326 3143 374 3179 aur
390 3131 432 3178 ds.
492 3153 499 3167 =

226 3319 282 3392 (1)
304 3320 456 3378 Constantii
469 3317 631 3375 modestiam
645 3336 677 3372 se
690 3318 926 3373 mansuetudinem
941 3313 1210 3372 commendatoriam

191 3405 313 3460 lulianus
331 3426 371 3462 or.
389 3409 412 3460 1.
427 3426 454 3477 p.
469 3411 511 3460 45.
527 3406 563 3461 D.
583 3403 748 3458 aeontrsrio
764 3403 889 3474 exemplo
907 3400 1060 3458 Alexandri
1078 3399 1125 3476 qui
1142 3415 1209 3472 post

193 3490 335 3549 riotoriam
355 3492 487 3564 pertisum
503 3491 597 3545 insano
615 3491 685 3544 fastu
703 3502 730 3544 et
748 3489 860 3543 saevitis
879 3488 968 3547 offerri
986 3489 1082 3559 eoepit.

234 3575 280 3647 (2)
304 3579 404 3632 Confer
421 3576 573 3634 Alexandri
587 3577 672 3648 ipsius
695 3575 855 3630 concionem
874 3575 910 3629 ad
929 3575 1031 3630 milites
1048 3573 1120 3648 apud
1136 3574 1208 3628 Iuli·

190 3676 237 3714 ttm
252 3663 395 3717 Valerium
407 3665 455 3719 sub
476 3663 588 3718 initium
605 3662 678 3716 tertii
696 3661 768 3715 libri.

233 3743 279 3815 (a)
300 3748 422 3820 Reapse,
450 3762 483 3804 ut
505 3762 597 3803 nsrrst
612 3749 773 3803 Ammianus
789 3759 844 3800 xv·
867 3760 888 3802 t.
911 3740 1084 3802 contitutius
1108 3744 1201 3799 studio

187 3830 385 3887 blandientium
406 3837 526 3890 sublatus
542 3833 692 3888 munem
711 3851 741 3909 ‘i
757 3832 791 3886 ab
810 3833 887 3886 omni
905 3831 1077 3886 mortslitutis
1093 3832 1202 3885 insom-

185 3916 269 3971 ruodo
287 3916 404 3972 fidenter
419 3919 608 3987 amemur.
636 3919 706 3975 adeo
723 3931 754 3977 at
772 3919 961 3975 setaruitstem
981 3936 1042 3974 eoru
1057 3915 1202 3994 aliquoties

186 4014 315 4057 sssererst
334 4008 401 4078 lpse.
712 4024 716 4033 ·

1247 3466 1262 3515 4
