2776 4934
378 437 380 442 -
426 406 503 466 sev
523 404 656 472 trouu
676 404 701 466 1.
979 359 1066 470 x>1⁶3
1101 366 1104 371 ¹

57 572 184 667 „tione
208 577 443 660 conduxeris,
480 574 705 670 adtemptare
731 597 922 675 quatereve
946 586 1067 667 Persa·

55 730 160 787 ,rum
185 703 385 798 imperium
404 712 525 798 queas,
567 707 683 778 Tanta
702 703 836 798 quippe
857 706 950 774 mihi
971 706 1068 775 mul·

55 874 70 910 „
78 830 201 901 titudo
226 826 585 909 exercituumadest,
613 844 662 896 ut·
678 828 757 922 quis
775 831 980 924 promptius
1006 832 1068 900 ha·

54 980 188 1036 „renae
224 966 334 1050 quam
359 955 478 1025 nostri
501 976 674 1023 numeros
708 950 930 1046 adsequatur.
983 955 1072 1025 Auri

56 1104 192 1173 „porro
219 1079 433 1177 argentique
459 1104 498 1151 ea
526 1077 650 1172 copia,
689 1093 731 1145 ut
754 1076 908 1150 humum
934 1080 1070 1174 ipsam,

56 1250 72 1285 ,‚
82 1206 114 1274 si
147 1202 300 1276 libitum
333 1223 406 1288 est,
452 1222 683 1276 consternere
716 1200 882 1272 indidem
922 1204 1070 1298 possim.

57 1374 72 1410 ,‚
81 1335 197 1425 Quare
231 1329 303 1399 tibi
336 1330 479 1403 loculos
505 1329 586 1399 auri
610 1327 868 1400 refertissimos
894 1328 997 1412 misi,
1030 1345 1074 1433 ut

57 1499 72 1535 »
81 1453 112 1526 si
150 1454 334 1554 indigebis
367 1453 575 1550 sumptibus
615 1452 661 1523 ad
695 1454 958 1535 reversionem,
1003 1451 1074 1524 tibi

56 1573 227 1675 „tuisque
252 1578 384 1651 habeas
411 1578 510 1675 quod
535 1577 733 1657 suffecerit,
786 1575 893 1672 Quod
918 1578 947 1646 si
975 1576 1076 1648 hisce

60 1705 237 1786 ,monitis
272 1730 313 1775 ac
346 1704 549 1800 praeceptis
574 1705 727 1774 ulterius
757 1703 955 1800 refragare,
989 1710 1075 1773 mit·

58 1848 161 1912 „tam
186 1830 354 1924 protinus
380 1831 506 1923 quite
532 1816 848 1923 comprehenstim*
863 1833 936 1901 huc
961 1847 1075 1901 trans·
1141 1919 1144 1924 .

58 2002 73 2037 ‚,
84 1954 213 2026 ferant.
264 1962 352 2028 Non
393 1956 494 2027 enim
534 1972 576 2024 ut
607 1956 769 2051 Philippi
803 1955 901 2027 filius
933 1965 1074 2027 coerce·
1182 1942 1184 1946 Α
1257 1928 1264 1941 “

11 2069 12 2072 “
58 2081 203 2163 »bere«.
919 2164 922 2180 ἡ
1015 2152 1019 2161 ,

133 2211 261 2295 XLIII,
304 2209 372 2278 His
406 2205 510 2277 lectis
543 2200 588 2276 ab
624 2205 827 2279 Alexandro
860 2203 1074 2300 publicatis·
1126 2217 1249 2272 Alexan-

61 2354 150 2427 qne,
174 2353 294 2404 metus
309 2334 490 2428 plurimos
512 2332 699 2428 quatiebat
721 2333 909 2423 dictorum
934 2328 1073 2430 magni»-
1087 2303 1130 2441 ἒξ
1140 2323 1249 2446 ἓξὲξ.

61 2460 290 2553 loquentiam
323 2460 623 2552 contemplantes.
675 2456 785 2552 Quod
820 2454 886 2524 ubi
920 2456 1074 2523 Alexan·

61 2583 126 2654 der
158 2602 282 2652 mente
312 2581 469 2652 intuitus
504 2601 575 2665 est,
611 2582 652 2650 in
677 2583 767 2651 haec
792 2578 904 2651 verba
930 2580 1077 2651 concio·

61 2724 190 2776 natur:
226 2709 281 2788 ,0
299 2704 520 2776 Macedones
543 2706 678 2787 nostri,
706 2705 794 2798 quid
818 2704 968 2774 tandem
985 2704 1074 2775 adeo

63 2830 195 2916 „dictis
227 2827 426 2899 barbaricis
460 2806 756 2923 perturbemini?
792 2853 883 2925 quae
908 2854 1076 2930 arrogan-

63 3006 80 3042 „
89 2958 162 3028 tiae
188 2953 338 3051 quidem
367 2956 612 3050 vanitatisque
645 2954 783 3027 habent
807 2956 1073 3039 testimonium,

62 3082 329 3168 „confidentiae
362 3107 449 3152 vero
480 3099 605 3154 carent
630 3080 858 3177 probatione.
910 3087 1007 3151 Nam
1031 3078 1077 3151 ¹‘et

38 3209 237 3309 i,canibus
275 3205 571 3279 inbecillioribus
602 3233 683 3280 mos
722 3225 776 3279 est
816 3225 954 3302 quanto
993 3210 1077 3302 plus

37 3318 41 3332 ⁵
66 3335 247 3420 ,defuerit
264 3333 418 3414 virium,
446 3328 552 3406 tinto
577 3337 702 3406 cristas
728 3359 856 3405 acuere
881 3333 1077 3405 sublimius

67 3479 127 3545 ,et
141 3458 333 3530 latratibus
349 3458 612 3531 irritatioribus
626 3460 825 3558 indulgere.
866 3465 966 3532 Haec
982 3461 1085 3560 mihi
1101 3485 1109 3503 ‘

66 3585 164 3670 „visa
190 3602 244 3656 est
269 3582 523 3679 conpetentior
548 3583 594 3654 ad
612 3584 717 3655 Darii
741 3586 954 3659 iactantiam
978 3613 1076 3663 com·

66 3710 251 3805 „paratior
291 3708 390 3806 quod
428 3727 609 3805 praestare
640 3709 780 3782 viribus
820 3738 896 3785 non
930 3724 1083 3810 potest,=

66 3832 210 3922 „verbis
251 3834 426 3932 indulget.
485 3843 563 3935 Ego
603 3853 727 3906 tamen
761 3860 849 3909 aveo
873 3839 912 3890 (α)
946 3860 1076 3917 cuncto

58 3947 1077 4054 W
