2776 4934
164 438 167 443 ’
214 440 275 522 ns
490 425 765 495 rauranum.
778 426 934 510 ourrvs

212 625 273 679 tur
287 605 336 677 (¹).
367 604 436 679 His
462 602 576 701 igitur
609 601 792 695 conpertis
824 598 1030 674 Alexander
1059 603 1228 681 limitem

211 727 462 809 huiuscemodi
486 727 562 798 loci
586 727 723 798 sensim
751 728 870 826 legens
897 712 1064 801 civitates
1078 730 1118 782 (⁰)
1144 734 1223 806 eius

212 854 383 928 invadere
407 877 448 924 ao
474 851 610 923 ditioni
635 876 720 922 suae
744 850 1041 1049 vendicaregffon
1057 857 1219 963 negligit,

212 999 249 1058 et
273 976 447 1052 sacrificia
473 979 554 1051 Diis
580 974 840 1051 inmortalibus
864 976 938 1049 faor
957 982 970 1050 .“
1030 1036 1035 1047 .

62 1217 200 1275 Aristote-
285 1210 445 1281 LXXIX.
481 1213 580 1303 Quae
601 1226 701 1277 ¹cum
731 1206 893 1277 maxime
918 1206 1226 1311 persequeretur,

37 1303 198 1448 {ffiffl'
210 1329 256 1404 ab
281 1314 476 1405 Aristotele
502 1331 695 1427 epistolam
720 1330 835 1401 sumit
858 1330 1033 1426 scriptam
1057 1334 1098 1403 in
1124 1334 1226 1404 hunc

38 1476 125 1533 dmm
210 1455 373 1530 modum.
404 1462 494 1539 „Per
520 1455 614 1528 mihi
639 1452 792 1526 difficile
817 1473 872 1529 est
896 1458 1030 1559 eligere
1054 1459 1117 1530 vel
1148 1459 1227 1529 lau·

190 1554 335 1668 ⁴,dare‚
361 1581 564 1654 Alexander
588 1580 661 1664 mi,
689 1606 734 1650 ex
758 1581 855 1652 hisce
872 1581 1046 1654 omnibus
1068 1584 1223 1683 aliquid,

210 1731 327 1804 ,quae
360 1723 398 1777 te
431 1706 471 1775 in
511 1707 581 1775 ista
622 1706 758 1777 militia
796 1706 944 1807 gessisse
985 1713 1146 1807 cognovi
1162 1710 1223 1784 (ὓς

209 1858 389 1928 ‚eamque
413 1830 507 1902 mihi
532 1855 609 1902 esse
634 1831 855 1902 sententiam
878 1839 1008 1905 Iovem
1021 1851 1156 1917 testem
1171 1835 1223 1907 fa-

207 1961 290 2045 ‚cio
315 1965 611 2053 Neptunumque.
646 1964 765 2054 Quare
789 1957 871 2028 Diis
896 1958 1061 2052 primum
1085 1961 1225 2034 inmor-

206 2083 364 2169 ,talibus
389 2081 609 2176 Deabusque
625 2108 692 2182 ago
708 2082 839 2181 gratias
856 2101 1100 2177 conpetentes‚
1119 2086 1222 2183 quod

189 2194 379 2292 'pemenso
406 2205 477 2274 tibi
502 2208 608 2277 hasce
641 2207 800 2300 periculi
832 2203 1065 2280 difficultates
1096 2204 1220 2306 gratu2

205 2330 449 2416 ,tulationem
465 2329 587 2424 potius
604 2354 715 2424 quam
734 2331 906 2402 solatium
919 2331 1048 2404 scribo.
1069 2335 1217 2430 Quippe

204 2480 340 2552 ,quem
375 2453 487 2525 sciam
520 2480 597 2526 non
632 2454 817 2526 bellorum
842 2430 965 2529 ‘modo
1006 2457 1217 2533 discrimine

203 2580 397 2666 ,evasisse,
422 2604 552 2650 verum
577 2597 787 2673 temporum
819 2605 966 2675 quoque
992 2601 1030 2653 et
1043 2584 1136 2654 caeli
1150 2584 1222 2656 dif-

203 2703 448 2792 „ficultatibus
481 2729 555 2776 non
591 2704 745 2776 cessisse.
788 2711 844 2775 Ex
875 2707 1008 2801 quibu}
1048 2711 1221 2810 colligere

202 2828 428 2915 ,admodum
452 2827 560 2899 facile
586 2854 661 2900 esse
685 2827 945 2928 ambigendum
971 2851 1098 2907 utrum
1116 2854 1217 2908 nete

87 3001 90 3004 -
202 2953 442 3049 ,prudentiae
473 2949 613 3023 viribus
641 2927 686 3021 ari
719 2953 936 3028 tolerantiae
968 2957 1217 3033 fortitudinis-

201 3105 294 3176 ,que
319 3079 434 3176 magis
458 3072 692 3171 prpedicem?
724 3084 829 3151 Certe
853 3078 948 3150 illud
967 3080 1039 3152 tibi
1054 3084 1132 3154 iam
1149 3087 1215 3158 ho·

230 3349 271 3401 (a)
289 3344 352 3393 corl-
368 3343 487 3390 civitatirr

137 3604 157 3651 ,ι
242 3567 290 3648 (1)
311 3569 416 3627 Pliuiua
431 3586 469 3624 v1·
492 3583 558 3627 sect.
583 3583 626 3628 22.
651 3575 706 3627 ait:
739 3574 893 3630 Prasiorum
916 3577 976 3647 regi
999 3573 1123 3646 peditum
1147 3592 1218 3629 rear·

198 3672 277 3710 centa
294 3657 388 3722 milia,
416 3658 531 3728 equitum
553 3661 667 3730 triginta
695 3659 789 3728 milia,
820 3660 1023 3732 elephantorum
1044 3676 1140 3712 novem
1163 3660 1216 3711 mi-

196 3739 238 3792 lia
268 3761 318 3813 per
354 3759 445 3802 omnm
474 3739 532 3792 dies
569 3746 783 3822 stipendianturr
824 3745 894 3800 unde
931 3746 1090 3800 coniectatio
1118 3745 1217 3817 ingens

234 3845 268 3877 uo
298 3839 346 3878 err.

195 3844 285 3986 apol)
309 3910 398 3964 Simili
412 3914 524 3966 exordio
546 3912 632 3966 utitur
650 3916 762 3986 epistola
776 3935 872 3991 grassa
898 3913 1052 3974 Aristoteli·
1083 3912 1119 3967 ad
1143 3913 1215 3968 Al·-

195 3996 331 4062 xaudrum
348 3996 421 4068 apud
440 3998 696 4072 euiaciump.a14.
