<?xml version="1.0" encoding="UTF-8"?>
<!DOCTYPE html PUBLIC "-//W3C//DTD XHTML 1.0 Transitional//EN"
    "http://www.w3.org/TR/xhtml1/DTD/xhtml1-transitional.dtd">
<html xmlns="http://www.w3.org/1999/xhtml" xml:lang="en" lang="en">
 <head>
  <title>
</title>
<meta http-equiv="Content-Type" content="text/html;charset=utf-8" />
  <meta name='ocr-system' content='tesseract 3.04.00' />
  <meta name='ocr-capabilities' content='ocr_page ocr_carea ocr_par ocr_line ocrx_word'/>
</head>
<body>
  <div class='ocr_page' id='page_1' title='image "./itinerariumalex00valegoog_0286.png"; bbox 0 0 2776 4934; ppageno 0'>
   <div class='ocr_carea' id='block_1_1' title="bbox 522 361 1192 443">
    <p class='ocr_par' dir='ltr' id='par_1_1' title="bbox 522 361 1192 443">
     <span class='ocr_line' id='line_1_1' title="bbox 522 361 1192 443; baseline -0.006 -9"><span class='ocrx_word' id='word_1_1' title='bbox 522 372 602 434; x_wconf 83' lang='lat' dir='ltr'><strong>SEV</strong></span> <span class='ocrx_word' id='word_1_2' title='bbox 622 371 755 443; x_wconf 74' lang='lat' dir='ltr'>LIBER</span> <span class='ocrx_word' id='word_1_3' title='bbox 771 361 833 437; x_wconf 80' lang='lat' dir='ltr'><strong>lll-</strong></span> <span class='ocrx_word' id='word_1_4' title='bbox 1131 371 1192 431; x_wconf 75' lang='lat'><strong>279</strong></span> 
     </span>
    </p>
   </div>
   <div class='ocr_carea' id='block_1_2' title="bbox 131 524 1369 2273">
    <p class='ocr_par' dir='ltr' id='par_1_2' title="bbox 174 524 1191 877">
     <span class='ocr_line' id='line_1_2' title="bbox 254 524 1191 643; baseline -0.002 -27"><span class='ocrx_word' id='word_1_5' title='bbox 254 524 433 616; x_wconf 71' lang='lat' dir='ltr'>LXXXII.</span> <span class='ocrx_word' id='word_1_6' title='bbox 472 542 594 625; x_wconf 78' lang='lat' dir='ltr'><strong>,Hinc</strong></span> <span class='ocrx_word' id='word_1_7' title='bbox 619 567 706 643; x_wconf 87' lang='lat' dir='ltr'><strong>ergo</strong></span> <span class='ocrx_word' id='word_1_8' title='bbox 738 568 805 638; x_wconf 89' lang='lat' dir='ltr'><strong>per</strong></span> <span class='ocrx_word' id='word_1_9' title='bbox 829 541 965 615; x_wconf 85' lang='lat' dir='ltr'><strong>deserta</strong></span> <span class='ocrx_word' id='word_1_10' title='bbox 995 539 1191 614; x_wconf 78' lang='lat' dir='ltr'><strong>&#39;redeuntes</strong></span> 
     </span>
     <span class='ocr_line' id='line_1_3' title="bbox 174 669 1191 765; baseline -0.004 -24"><span class='ocrx_word' id='word_1_11' title='bbox 174 671 324 754; x_wconf 70' lang='lat' dir='ltr'><strong>,multa</strong></span> <span class='ocrx_word' id='word_1_12' title='bbox 347 686 543 765; x_wconf 83' lang='lat' dir='ltr'><strong>praerupta</strong></span> <span class='ocrx_word' id='word_1_13' title='bbox 568 669 750 747; x_wconf 89' lang='lat' dir='ltr'><strong>eiusmodi</strong></span> <span class='ocrx_word' id='word_1_14' title='bbox 772 669 969 741; x_wconf 77' lang='lat' dir='ltr'><strong>incidimus</strong></span> <span class='ocrx_word' id='word_1_15' title='bbox 992 669 1072 752; x_wconf 87' lang='lat' dir='ltr'><strong>loca</strong></span> <span class='ocrx_word' id='word_1_16' title='bbox 1096 676 1191 763; x_wconf 74' lang='lat' dir='ltr'><strong>quaa</strong></span> 
     </span>
     <span class='ocr_line' id='line_1_4' title="bbox 177 789 1190 877; baseline 0 -11"><span class='ocrx_word' id='word_1_17' title='bbox 177 793 351 877; x_wconf 76' lang='lat' dir='ltr'><strong>„obsessa</strong></span> <span class='ocrx_word' id='word_1_18' title='bbox 377 793 611 866; x_wconf 85' lang='lat' dir='ltr'><strong>crassioribus</strong></span> <span class='ocrx_word' id='word_1_19' title='bbox 636 794 795 866; x_wconf 87' lang='lat' dir='ltr'><strong>nubibus</strong></span> <span class='ocrx_word' id='word_1_20' title='bbox 821 789 1074 876; x_wconf 87' lang='lat' dir='ltr'><strong>nebulosisve,</strong></span> <span class='ocrx_word' id='word_1_21' title='bbox 1109 819 1190 868; x_wconf 89' lang='lat' dir='ltr'><strong>om·</strong></span> 
     </span>
    </p>

    <p class='ocr_par' dir='ltr' id='par_1_3' title="bbox 177 903 1192 1016">
     <span class='ocr_line' id='line_1_5' title="bbox 177 903 1192 1016; baseline 0.002 -27"><span class='ocrx_word' id='word_1_22' title='bbox 177 944 296 1004; x_wconf 76' lang='lat' dir='ltr'><strong>,nem</strong></span> <span class='ocrx_word' id='word_1_23' title='bbox 322 921 476 1012; x_wconf 79' lang='lat' dir='ltr'><strong>omnino</strong></span> <span class='ocrx_word' id='word_1_24' title='bbox 509 937 694 1016; x_wconf 85' lang='lat' dir='ltr'><strong>aspectum</strong></span> <span class='ocrx_word' id='word_1_25' title='bbox 727 903 892 992; x_wconf 79' lang='lat' dir='ltr'><strong>humidis</strong></span> <span class='ocrx_word' id='word_1_26' title='bbox 909 919 961 974; x_wconf 75' lang='lat'><strong>&lt;“)·</strong></span> <span class='ocrx_word' id='word_1_27' title='bbox 974 919 1192 991; x_wconf 83' lang='lat' dir='ltr'><strong>sustulerant</strong></span> 
     </span>
    </p>

    <p class='ocr_par' dir='ltr' id='par_1_4' title="bbox 176 1043 1200 1144">
     <span class='ocr_line' id='line_1_6' title="bbox 176 1043 1200 1144; baseline 0.005 -29"><span class='ocrx_word' id='word_1_28' title='bbox 176 1069 246 1128; x_wconf 78' lang='lat' dir='ltr'><strong>,ac</strong></span> <span class='ocrx_word' id='word_1_29' title='bbox 274 1043 357 1144; x_wconf 88' lang='lat' dir='ltr'><strong>diei.</strong></span> <span class='ocrx_word' id='word_1_30' title='bbox 405 1051 553 1141; x_wconf 86' lang='lat' dir='ltr'><strong>Septem</strong></span> <span class='ocrx_word' id='word_1_31' title='bbox 588 1045 753 1143; x_wconf 85' lang='lat' dir='ltr'><strong>denique</strong></span> <span class='ocrx_word' id='word_1_32' title='bbox 784 1047 936 1117; x_wconf 83' lang='lat' dir='ltr'><strong>dierum·</strong></span> <span class='ocrx_word' id='word_1_33' title='bbox 964 1045 1096 1116; x_wconf 88' lang='lat' dir='ltr'><strong>itinere</strong></span> <span class='ocrx_word' id='word_1_34' title='bbox 1127 1066 1200 1138; x_wconf 50' lang='lat' dir='ltr'><strong>pet¹</strong></span> 
     </span>
    </p>

    <p class='ocr_par' dir='ltr' id='par_1_5' title="bbox 176 1164 1193 1256">
     <span class='ocr_line' id='line_1_7' title="bbox 176 1164 1193 1256; baseline -0.001 -17"><span class='ocrx_word' id='word_1_35' title='bbox 176 1171 269 1254; x_wconf 77' lang='lat' dir='ltr'><strong>„has</strong></span> <span class='ocrx_word' id='word_1_36' title='bbox 293 1168 458 1241; x_wconf 82' lang='lat' dir='ltr'><strong>tenebras</strong></span> <span class='ocrx_word' id='word_1_37' title='bbox 473 1173 677 1256; x_wconf 83' lang='lat' dir='ltr'><strong>exanclato,</strong></span> <span class='ocrx_word' id='word_1_38' title='bbox 705 1172 854 1245; x_wconf 87' lang='lat' dir='ltr'><strong>tandem</strong></span> <span class='ocrx_word' id='word_1_39' title='bbox 869 1167 1139 1244; x_wconf 86' lang='lat' dir='ltr'><strong>Thermodonti</strong></span> <span class='ocrx_word' id='word_1_40' title='bbox 1151 1164 1193 1218; x_wconf 57' lang='grc' dir='ltr'><strong>θ’)</strong></span> 
     </span>
    </p>

    <p class='ocr_par' dir='ltr' id='par_1_6' title="bbox 174 1282 1192 1393">
     <span class='ocr_line' id='line_1_8' title="bbox 174 1282 1192 1393; baseline 0.001 -30"><span class='ocrx_word' id='word_1_41' title='bbox 174 1282 478 1386; x_wconf 78' lang='lat' dir='ltr'><strong>,supervenimus</strong></span> <span class='ocrx_word' id='word_1_42' title='bbox 512 1295 657 1368; x_wconf 87' lang='lat' dir='ltr'><strong>flumini</strong></span> <span class='ocrx_word' id='word_1_43' title='bbox 693 1298 790 1369; x_wconf 91' lang='lat' dir='ltr'><strong>haud</strong></span> <span class='ocrx_word' id='word_1_44' title='bbox 830 1300 1001 1393; x_wconf 84' lang='lat' dir='ltr'><strong>cuiquam</strong></span> <span class='ocrx_word' id='word_1_45' title='bbox 1033 1291 1192 1366; x_wconf 86' lang='lat' dir='ltr'><strong>secundo</strong></span> 
     </span>
    </p>

    <p class='ocr_par' dir='ltr' id='par_1_7' title="bbox 176 1418 1193 1520">
     <span class='ocr_line' id='line_1_9' title="bbox 176 1418 1193 1520; baseline -0.003 -30"><span class='ocrx_word' id='word_1_46' title='bbox 176 1443 250 1503; x_wconf 79' lang='lat' dir='ltr'><strong>,ex</strong></span> <span class='ocrx_word' id='word_1_47' title='bbox 274 1419 543 1518; x_wconf 80' lang='lat' dir='ltr'><strong>magnitudine,</strong></span> <span class='ocrx_word' id='word_1_48' title='bbox 571 1420 635 1493; x_wconf 90' lang='lat' dir='ltr'><strong>sed</strong></span> <span class='ocrx_word' id='word_1_49' title='bbox 660 1426 762 1494; x_wconf 90' lang='lat' dir='ltr'><strong>euim</strong></span> <span class='ocrx_word' id='word_1_50' title='bbox 779 1450 845 1520; x_wconf 87' lang='lat' dir='ltr'><strong>per</strong></span> <span class='ocrx_word' id='word_1_51' title='bbox 864 1425 973 1519; x_wconf 91' lang='lat' dir='ltr'><strong>plana</strong></span> <span class='ocrx_word' id='word_1_52' title='bbox 991 1436 1027 1493; x_wconf 90' lang='lat' dir='ltr'><strong>et</strong></span> <span class='ocrx_word' id='word_1_53' title='bbox 1042 1418 1193 1515; x_wconf 84' lang='lat' dir='ltr'><strong>opipara</strong></span> 
     </span>
    </p>

    <p class='ocr_par' dir='ltr' id='par_1_8' title="bbox 162 1532 1366 2039">
     <span class='ocr_line' id='line_1_10' title="bbox 177 1532 1366 1672; baseline -0.002 -59"><span class='ocrx_word' id='word_1_54' title='bbox 177 1543 285 1629; x_wconf 81' lang='lat' dir='ltr'><strong>,loca</strong></span> <span class='ocrx_word' id='word_1_55' title='bbox 312 1570 446 1646; x_wconf 87' lang='lat' dir='ltr'><strong>magno</strong></span> <span class='ocrx_word' id='word_1_56' title='bbox 473 1547 619 1648; x_wconf 88' lang='lat' dir='ltr'><strong>agmine</strong></span> <span class='ocrx_word' id='word_1_57' title='bbox 643 1548 865 1648; x_wconf 85' lang='lat' dir='ltr'><strong>pervaganti.</strong></span> <span class='ocrx_word' id='word_1_58' title='bbox 905 1556 1059 1642; x_wconf 87' lang='lat' dir='ltr'><strong>Propter</strong></span> <span class='ocrx_word' id='word_1_59' title='bbox 1093 1532 1366 1672; x_wconf 61' lang='lat' dir='ltr'><strong>h¹¹¹¹⁰aimiiii⁵</strong></span> 
     </span>
     <span class='ocr_line' id='line_1_11' title="bbox 177 1669 1369 1772; baseline 0 -33"><span class='ocrx_word' id='word_1_60' title='bbox 177 1670 479 1752; x_wconf 82' lang='lat' dir='ltr'><strong>,Thermodonta</strong></span> <span class='ocrx_word' id='word_1_61' title='bbox 506 1696 619 1772; x_wconf 87' lang='lat' dir='ltr'><strong>genus</strong></span> <span class='ocrx_word' id='word_1_62' title='bbox 651 1682 881 1747; x_wconf 85' lang='lat' dir='ltr'><strong>Amazonum</strong></span> <span class='ocrx_word' id='word_1_63' title='bbox 916 1675 1024 1755; x_wconf 87' lang='lat' dir='ltr'><strong>colit,</strong></span> <span class='ocrx_word' id='word_1_64' title='bbox 1064 1669 1194 1741; x_wconf 88' lang='lat' dir='ltr'><strong>mulie·</strong></span> <span class='ocrx_word' id='word_1_65' title='bbox 1179 1686 1369 1757; x_wconf 60' lang='lat' dir='ltr'><strong>-m30„l„,‚</strong></span> 
     </span>
     <span class='ocr_line' id='line_1_12' title="bbox 176 1796 1279 1913; baseline 0 -48"><span class='ocrx_word' id='word_1_66' title='bbox 176 1819 258 1879; x_wconf 82' lang='lat' dir='ltr'><strong>,res</strong></span> <span class='ocrx_word' id='word_1_67' title='bbox 283 1797 537 1896; x_wconf 79' lang='lat' dir='ltr'><strong>magnitudine</strong></span> <span class='ocrx_word' id='word_1_68' title='bbox 563 1801 727 1894; x_wconf 88' lang='lat' dir='ltr'><strong>corporis</strong></span> <span class='ocrx_word' id='word_1_69' title='bbox 757 1800 895 1894; x_wconf 87' lang='lat' dir='ltr'><strong>pariter</strong></span> <span class='ocrx_word' id='word_1_70' title='bbox 926 1825 966 1869; x_wconf 89' lang='lat' dir='ltr'><strong>ac</strong></span> <span class='ocrx_word' id='word_1_71' title='bbox 993 1796 1195 1913; x_wconf 84' lang='lat' dir='ltr'><strong>pulchritu·</strong></span> <span class='ocrx_word' id='word_1_72' title='bbox 1275 1822 1279 1831; x_wconf 71' lang='grc'><em>’</em></span> 
     </span>
     <span class='ocr_line' id='line_1_13' title="bbox 162 1902 1196 2066; baseline 0.005 -76"><span class='ocrx_word' id='word_1_73' title='bbox 162 1902 291 2005; x_wconf 30' lang='lat' dir='ltr'><strong>,dine</strong></span> <span class='ocrx_word' id='word_1_74' title='bbox 316 1940 435 1993; x_wconf 87' lang='lat' dir='ltr'><strong>cetera</strong></span> <span class='ocrx_word' id='word_1_75' title='bbox 462 1922 660 2023; x_wconf 88' lang='lat' dir='ltr'><strong>hominum</strong></span> <span class='ocrx_word' id='word_1_76' title='bbox 683 1949 814 2024; x_wconf 85' lang='lat' dir='ltr'><strong>genera</strong></span> <span class='ocrx_word' id='word_1_77' title='bbox 831 1938 1083 2066; x_wconf 36' lang='lat' dir='ltr'><strong>&#39;sffervectae</strong></span> <span class='ocrx_word' id='word_1_78' title='bbox 1106 1921 1196 2022; x_wconf 90' lang='lat' dir='ltr'><strong>ami·</strong></span> 
     </span>
    </p>

    <p class='ocr_par' dir='ltr' id='par_1_9' title="bbox 131 2049 1195 2273">
     <span class='ocr_line' id='line_1_14' title="bbox 131 2049 1195 2144; baseline 0.005 -28"><span class='ocrx_word' id='word_1_79' title='bbox 131 2084 134 2089; x_wconf 92' lang='lat'>·</span> <span class='ocrx_word' id='word_1_80' title='bbox 171 2064 281 2131; x_wconf 77' lang='lat' dir='ltr'><strong>„ctae</strong></span> <span class='ocrx_word' id='word_1_81' title='bbox 306 2073 394 2119; x_wconf 81' lang='lat' dir='ltr'><strong>vero</strong></span> <span class='ocrx_word' id='word_1_82' title='bbox 419 2065 461 2118; x_wconf 94' lang='lat' dir='ltr'><strong>ut</strong></span> <span class='ocrx_word' id='word_1_83' title='bbox 485 2049 531 2123; x_wconf 73' lang='lat' dir='ltr'><strong>itt</strong></span> <span class='ocrx_word' id='word_1_84' title='bbox 549 2050 702 2144; x_wconf 72' lang='lat' dir='ltr'><strong>picturis</strong></span> <span class='ocrx_word' id='word_1_85' title='bbox 728 2068 784 2121; x_wconf 87' lang='lat' dir='ltr'><strong>est</strong></span> <span class='ocrx_word' id='word_1_86' title='bbox 804 2051 921 2123; x_wconf 87' lang='lat' dir='ltr'><strong>visere</strong></span> <span class='ocrx_word' id='word_1_87' title='bbox 936 2049 1195 2130; x_wconf 74' lang='grc' dir='ltr'>ιιιιὶιιιειιιιιιιιιε,</span> 
     </span>
     <span class='ocr_line' id='line_1_15' title="bbox 177 2173 1195 2273; baseline 0.001 -29"><span class='ocrx_word' id='word_1_88' title='bbox 177 2191 239 2258; x_wconf 80' lang='lat' dir='ltr'><strong>,et</strong></span> <span class='ocrx_word' id='word_1_89' title='bbox 265 2173 386 2246; x_wconf 85' lang='lat' dir='ltr'><strong>omnis</strong></span> <span class='ocrx_word' id='word_1_90' title='bbox 410 2175 509 2273; x_wconf 84' lang='lat' dir='ltr'><strong>hisce¹</strong></span> <span class='ocrx_word' id='word_1_91' title='bbox 534 2173 652 2247; x_wconf 82' lang='lat' dir='ltr'><strong>ferme</strong></span> <span class='ocrx_word' id='word_1_92' title='bbox 678 2176 833 2248; x_wconf 87' lang='lat' dir='ltr'><strong>amictus</strong></span> <span class='ocrx_word' id='word_1_93' title='bbox 859 2193 914 2247; x_wconf 91' lang='lat' dir='ltr'><strong>est</strong></span> <span class='ocrx_word' id='word_1_94' title='bbox 937 2200 1038 2246; x_wconf 88' lang='lat' dir='ltr'><strong>arma</strong></span> <span class='ocrx_word' id='word_1_95' title='bbox 1053 2173 1195 2247; x_wconf 81' lang='lat' dir='ltr'><strong>veller-</strong></span> 
     </span>
    </p>
   </div>
   <div class='ocr_carea' id='block_1_3' title="bbox 176 2291 1310 3395">
    <p class='ocr_par' dir='ltr' id='par_1_10' title="bbox 176 2291 1310 3395">
     <span class='ocr_line' id='line_1_16' title="bbox 176 2291 1310 2398; baseline 0.004 -30"><span class='ocrx_word' id='word_1_96' title='bbox 176 2324 286 2381; x_wconf 76' lang='lat' dir='ltr'><strong>‚rum</strong></span> <span class='ocrx_word' id='word_1_97' title='bbox 301 2291 347 2370; x_wconf 52' lang='grc' dir='ltr'><strong>(ὅ).</strong></span> <span class='ocrx_word' id='word_1_98' title='bbox 387 2301 505 2397; x_wconf 85' lang='lat' dir='ltr'><strong>Igitur</strong></span> <span class='ocrx_word' id='word_1_99' title='bbox 529 2325 616 2373; x_wconf 85' lang='lat' dir='ltr'><strong>eum</strong></span> <span class='ocrx_word' id='word_1_100' title='bbox 640 2301 741 2373; x_wconf 90' lang='lat' dir='ltr'><strong>haud</strong></span> <span class='ocrx_word' id='word_1_101' title='bbox 765 2305 895 2396; x_wconf 90' lang='lat' dir='ltr'><strong>procul</strong></span> <span class='ocrx_word' id='word_1_102' title='bbox 920 2303 976 2373; x_wconf 79' lang='lat' dir='ltr'><strong>his</strong></span> <span class='ocrx_word' id='word_1_103' title='bbox 995 2324 1195 2398; x_wconf 83' lang='lat' dir='ltr'><strong>ageremus,</strong></span> <span class='ocrx_word' id='word_1_104' title='bbox 1306 2310 1310 2319; x_wconf 87' lang='lat'>&#39;</span> 
     </span>
     <span class='ocr_line' id='line_1_17' title="bbox 177 2422 1196 2516; baseline 0.004 -27"><span class='ocrx_word' id='word_1_105' title='bbox 177 2423 365 2515; x_wconf 83' lang='lat' dir='ltr'><strong>‚ipsarum</strong></span> <span class='ocrx_word' id='word_1_106' title='bbox 390 2422 541 2512; x_wconf 90' lang='lat' dir='ltr'><strong>quidem</strong></span> <span class='ocrx_word' id='word_1_107' title='bbox 565 2424 683 2516; x_wconf 89' lang='lat' dir='ltr'><strong>potiri</strong></span> <span class='ocrx_word' id='word_1_108' title='bbox 701 2423 804 2490; x_wconf 82' lang='lat' dir='ltr'><strong>haud</strong></span> <span class='ocrx_word' id='word_1_109' title='bbox 821 2423 931 2490; x_wconf 82' lang='lat' dir='ltr'><strong>facile</strong></span> <span class='ocrx_word' id='word_1_110' title='bbox 949 2442 1040 2504; x_wconf 91' lang='lat' dir='ltr'><strong>erat,</strong></span> <span class='ocrx_word' id='word_1_111' title='bbox 1057 2434 1196 2493; x_wconf 86' lang='lat' dir='ltr'><strong>utrum·</strong></span> 
     </span>
     <span class='ocr_line' id='line_1_18' title="bbox 178 2542 1194 2642; baseline 0.002 -28"><span class='ocrx_word' id='word_1_112' title='bbox 178 2568 276 2639; x_wconf 86' lang='lat' dir='ltr'><strong>,que</strong></span> <span class='ocrx_word' id='word_1_113' title='bbox 301 2559 470 2614; x_wconf 87' lang='lat' dir='ltr'><strong>nostrum</strong></span> <span class='ocrx_word' id='word_1_114' title='bbox 494 2567 515 2612; x_wconf 87' lang='lat' dir='ltr'><strong>a</strong></span> <span class='ocrx_word' id='word_1_115' title='bbox 540 2567 733 2642; x_wconf 84' lang='lat' dir='ltr'><strong>congressu</strong></span> <span class='ocrx_word' id='word_1_116' title='bbox 758 2542 1010 2639; x_wconf 81' lang='lat' dir='ltr'><strong>magnitudine</strong></span> <span class='ocrx_word' id='word_1_117' title='bbox 1031 2542 1194 2617; x_wconf 87' lang='lat' dir='ltr'><strong>fluminis</strong></span> 
     </span>
     <span class='ocr_line' id='line_1_19' title="bbox 177 2666 1194 2797; baseline 0.003 -59.079"><span class='ocrx_word' id='word_1_118' title='bbox 177 2666 450 2791; x_wconf 75' lang='lat' dir='ltr'><strong>‚dispertiente</strong></span> <span class='ocrx_word' id='word_1_119' title='bbox 487 2668 558 2740; x_wconf 87' lang='lat' dir='ltr'><strong>Sed</strong></span> <span class='ocrx_word' id='word_1_120' title='bbox 576 2686 724 2794; x_wconf 83' lang='lat' dir='ltr'><strong>praeter</strong></span> <span class='ocrx_word' id='word_1_121' title='bbox 748 2668 848 2740; x_wconf 90' lang='lat' dir='ltr'><strong>illius</strong></span> <span class='ocrx_word' id='word_1_122' title='bbox 880 2669 1030 2797; x_wconf 83' lang='lat' dir='ltr'><strong>agmen,</strong></span> <span class='ocrx_word' id='word_1_123' title='bbox 1056 2669 1194 2770; x_wconf 83' lang='lat' dir='ltr'><strong>bestiae</strong></span> 
     </span>
     <span class='ocr_line' id='line_1_20' title="bbox 178 2778 1191 2893; baseline 0.004 -28"><span class='ocrx_word' id='word_1_124' title='bbox 178 2819 349 2892; x_wconf 83' lang='lat' dir='ltr'><strong>,quoque</strong></span> <span class='ocrx_word' id='word_1_125' title='bbox 380 2797 581 2866; x_wconf 87' lang='lat' dir='ltr'><strong>nonnullae</strong></span> <span class='ocrx_word' id='word_1_126' title='bbox 616 2791 898 2889; x_wconf 88' lang='lat' dir='ltr'><strong>asperitatesque</strong></span> <span class='ocrx_word' id='word_1_127' title='bbox 911 2778 1191 2893; x_wconf 83' lang='lat' dir='ltr'><strong>inpedimento</strong></span> 
     </span>
     <span class='ocr_line' id='line_1_21' title="bbox 176 2916 1192 3014; baseline -0.002 -18"><span class='ocrx_word' id='word_1_128' title='bbox 176 2940 316 3008; x_wconf 77' lang='lat' dir='ltr'><strong>,erant</strong></span> <span class='ocrx_word' id='word_1_129' title='bbox 355 2931 407 2994; x_wconf 91' lang='lat' dir='ltr'><strong>At</strong></span> <span class='ocrx_word' id='word_1_130' title='bbox 439 2921 539 2992; x_wconf 90' lang='lat' dir='ltr'><strong>enim</strong></span> <span class='ocrx_word' id='word_1_131' title='bbox 578 2935 756 3014; x_wconf 87' lang='lat' dir='ltr'><strong>conperto</strong></span> <span class='ocrx_word' id='word_1_132' title='bbox 795 2916 882 2988; x_wconf 87' lang='lat' dir='ltr'><strong>illae</strong></span> <span class='ocrx_word' id='word_1_133' title='bbox 914 2916 1016 3013; x_wconf 82' lang='lat' dir='ltr'><strong>quod</strong></span> <span class='ocrx_word' id='word_1_134' title='bbox 1052 2937 1192 2994; x_wconf 85' lang='lat' dir='ltr'><strong>ceterae</strong></span> 
     </span>
     <span class='ocr_line' id='line_1_22' title="bbox 178 3045 1190 3146; baseline -0.001 -26"><span class='ocrx_word' id='word_1_135' title='bbox 178 3074 349 3146; x_wconf 89' lang='lat' dir='ltr'><strong>,quoque</strong></span> <span class='ocrx_word' id='word_1_136' title='bbox 374 3056 577 3123; x_wconf 86' lang='lat' dir='ltr'><strong>Amazones</strong></span> <span class='ocrx_word' id='word_1_137' title='bbox 604 3045 649 3127; x_wconf 85' lang='lat' dir='ltr'><strong>de</strong></span> <span class='ocrx_word' id='word_1_138' title='bbox 680 3061 802 3118; x_wconf 86' lang='lat' dir='ltr'><strong>nostra</strong></span> <span class='ocrx_word' id='word_1_139' title='bbox 834 3047 998 3118; x_wconf 89' lang='lat' dir='ltr'><strong>amicitia</strong></span> <span class='ocrx_word' id='word_1_140' title='bbox 1029 3065 1190 3144; x_wconf 79' lang='lat' dir='ltr'><strong>coeptas·</strong></span> 
     </span>
     <span class='ocr_line' id='line_1_23' title="bbox 177 3168 1299 3272; baseline -0.007 -23"><span class='ocrx_word' id='word_1_141' title='bbox 177 3175 352 3261; x_wconf 75' lang='lat' dir='ltr'><strong>,sent(¹),</strong></span> <span class='ocrx_word' id='word_1_142' title='bbox 385 3176 487 3272; x_wconf 84' lang='lat' dir='ltr'><strong>ipsae</strong></span> <span class='ocrx_word' id='word_1_143' title='bbox 518 3175 632 3246; x_wconf 85' lang='lat' dir='ltr'><strong>etiam</strong></span> <span class='ocrx_word' id='word_1_144' title='bbox 662 3174 819 3268; x_wconf 89' lang='lat' dir='ltr'><strong>periculi</strong></span> <span class='ocrx_word' id='word_1_145' title='bbox 852 3168 998 3244; x_wconf 81' lang='lat' dir='ltr'><strong>oausam</strong></span> <span class='ocrx_word' id='word_1_146' title='bbox 1030 3171 1136 3243; x_wconf 86' lang='lat' dir='ltr'><strong>donis</strong></span> <span class='ocrx_word' id='word_1_147' title='bbox 1164 3194 1191 3242; x_wconf 77' lang='lat' dir='ltr'><strong>a</strong></span> <span class='ocrx_word' id='word_1_148' title='bbox 1298 3254 1299 3261; x_wconf 13' lang='lat' dir='ltr'><strong>p</strong></span> 
     </span>
     <span class='ocr_line' id='line_1_24' title="bbox 176 3286 971 3395; baseline -0.003 -22"><span class='ocrx_word' id='word_1_149' title='bbox 176 3301 310 3389; x_wconf 92' lang='lat' dir='ltr'><strong>,nobis</strong></span> <span class='ocrx_word' id='word_1_150' title='bbox 335 3318 372 3373; x_wconf 89' lang='lat' dir='ltr'><strong>et</strong></span> <span class='ocrx_word' id='word_1_151' title='bbox 395 3299 579 3395; x_wconf 89' lang='lat' dir='ltr'><strong>obsequiis</strong></span> <span class='ocrx_word' id='word_1_152' title='bbox 601 3300 845 3373; x_wconf 87' lang='lat' dir='ltr'><strong>redemerunt.</strong></span> <span class='ocrx_word' id='word_1_153' title='bbox 933 3308 935 3312; x_wconf 82' lang='lat'>&#39;</span> <span class='ocrx_word' id='word_1_154' title='bbox 963 3286 971 3318; x_wconf 36' lang='lat'><strong>&#39;⁵</strong></span> 
     </span>
    </p>
   </div>
   <div class='ocr_carea' id='block_1_4' title="bbox 172 3452 1193 3480">
    <p class='ocr_par' dir='ltr' id='par_1_11' title="bbox 172 3452 1193 3480">
     <span class='ocr_line' id='line_1_25' title="bbox 172 3452 1193 3480; baseline -0.002 -7"><span class='ocrx_word' id='word_1_155' title='bbox 172 3452 1193 3480; x_wconf 52' lang='grc' dir='ltr'><strong>..Μ</strong></span> 
     </span>
    </p>
   </div>
   <div class='ocr_carea' id='block_1_5' title="bbox 175 3528 1191 3658">
    <p class='ocr_par' dir='ltr' id='par_1_12' title="bbox 175 3528 1191 3658">
     <span class='ocr_line' id='line_1_26' title="bbox 181 3528 1191 3596; baseline -0.007 -15"><span class='ocrx_word' id='word_1_156' title='bbox 181 3564 188 3581; x_wconf 60' lang='grc' dir='ltr'>ι</span> <span class='ocrx_word' id='word_1_157' title='bbox 212 3537 262 3590; x_wconf 81' lang='lat' dir='ltr'><strong>(a)</strong></span> <span class='ocrx_word' id='word_1_158' title='bbox 280 3533 342 3581; x_wconf 81' lang='lat' dir='ltr'><strong>eod.</strong></span> <span class='ocrx_word' id='word_1_159' title='bbox 359 3533 466 3582; x_wconf 78' lang='lat' dir='ltr'><strong>homini.</strong></span> <span class='ocrx_word' id='word_1_160' title='bbox 495 3533 545 3578; x_wconf 78' lang='lat' dir='ltr'><strong>sed</strong></span> <span class='ocrx_word' id='word_1_161' title='bbox 559 3532 646 3579; x_wconf 78' lang='lat' dir='ltr'><strong>rocol·</strong></span> <span class='ocrx_word' id='word_1_162' title='bbox 662 3533 785 3580; x_wconf 71' lang='lat' dir='ltr'><strong>uiueret.</strong></span> <span class='ocrx_word' id='word_1_163' title='bbox 801 3544 858 3590; x_wconf 75' lang='lat' dir='ltr'><strong>cap.</strong></span> <span class='ocrx_word' id='word_1_164' title='bbox 876 3545 934 3578; x_wconf 83' lang='lat' dir='ltr'><strong>cxx.</strong></span> <span class='ocrx_word' id='word_1_165' title='bbox 960 3528 1007 3585; x_wconf 85' lang='lat' dir='ltr'><strong>(b)</strong></span> <span class='ocrx_word' id='word_1_166' title='bbox 1024 3533 1101 3596; x_wconf 21' lang='lat' dir='ltr'><strong>lta-te</strong></span> <span class='ocrx_word' id='word_1_167' title='bbox 1112 3528 1191 3591; x_wconf 59' lang='lat' dir='ltr'><strong>hebet</strong></span> 
     </span>
     <span class='ocr_line' id='line_1_27' title="bbox 175 3609 417 3658; baseline -0.017 0"><span class='ocrx_word' id='word_1_168' title='bbox 175 3614 254 3658; x_wconf 73' lang='lat' dir='ltr'><strong>loen·</strong></span> <span class='ocrx_word' id='word_1_169' title='bbox 270 3611 300 3656; x_wconf 85' lang='lat' dir='ltr'><strong>iu</strong></span> <span class='ocrx_word' id='word_1_170' title='bbox 318 3609 417 3656; x_wconf 75' lang='lat' dir='ltr'><strong>codice.</strong></span> 
     </span>
    </p>
   </div>
   <div class='ocr_carea' id='block_1_6' title="bbox 225 3789 1190 3876">
    <p class='ocr_par' dir='ltr' id='par_1_13' title="bbox 225 3789 1190 3876">
     <span class='ocr_line' id='line_1_28' title="bbox 225 3789 1190 3876; baseline -0.005 -24"><span class='ocrx_word' id='word_1_171' title='bbox 225 3796 271 3876; x_wconf 84' lang='lat'><strong>(1)</strong></span> <span class='ocrx_word' id='word_1_172' title='bbox 292 3802 453 3871; x_wconf 83' lang='lat' dir='ltr'><strong>Hucusque</strong></span> <span class='ocrx_word' id='word_1_173' title='bbox 476 3801 646 3857; x_wconf 82' lang='lat' dir='ltr'><strong>itinerarium</strong></span> <span class='ocrx_word' id='word_1_174' title='bbox 669 3799 767 3852; x_wconf 89' lang='lat' dir='ltr'><strong>deduci</strong></span> <span class='ocrx_word' id='word_1_175' title='bbox 788 3797 905 3851; x_wconf 77' lang='lat' dir='ltr'><strong>vidimus</strong></span> <span class='ocrx_word' id='word_1_176' title='bbox 924 3797 953 3849; x_wconf 91' lang='lat' dir='ltr'><strong>in</strong></span> <span class='ocrx_word' id='word_1_177' title='bbox 979 3796 1076 3850; x_wconf 79' lang='lat' dir='ltr'><strong>mutilo</strong></span> <span class='ocrx_word' id='word_1_178' title='bbox 1097 3789 1190 3852; x_wconf 79' lang='lat' dir='ltr'><strong>codiee</strong></span> 
     </span>
    </p>
   </div>
   <div class='ocr_carea' id='block_1_7' title="bbox 180 3887 859 4043">
    <p class='ocr_par' dir='ltr' id='par_1_14' title="bbox 180 3887 859 4043">
     <span class='ocr_line' id='line_1_29' title="bbox 180 3887 419 3942; baseline -0.025 -1"><span class='ocrx_word' id='word_1_179' title='bbox 180 3887 363 3942; x_wconf 70' lang='lat' dir='ltr'><strong>ambrosiano.</strong></span> <span class='ocrx_word' id='word_1_180' title='bbox 413 3914 419 3935; x_wconf 67' lang='grc' dir='ltr'>ι</span> 
     </span>
     <span class='ocr_line' id='line_1_30' title="bbox 226 3968 859 4043; baseline -0.008 -17"><span class='ocrx_word' id='word_1_181' title='bbox 226 3971 272 4043; x_wconf 79' lang='lat'><strong>(2)</strong></span> <span class='ocrx_word' id='word_1_182' title='bbox 295 3972 396 4026; x_wconf 84' lang='lat' dir='ltr'><strong>Confer</strong></span> <span class='ocrx_word' id='word_1_183' title='bbox 412 3970 491 4022; x_wconf 82' lang='lat' dir='ltr'><strong>huius</strong></span> <span class='ocrx_word' id='word_1_184' title='bbox 505 3971 568 4023; x_wconf 83' lang='lat' dir='ltr'><strong>libri</strong></span> <span class='ocrx_word' id='word_1_185' title='bbox 586 3985 666 4042; x_wconf 84' lang='lat' dir='ltr'><strong>eaput</strong></span> <span class='ocrx_word' id='word_1_186' title='bbox 680 3985 791 4024; x_wconf 73' lang='lat' dir='ltr'><strong>Lxxvt.</strong></span> <span class='ocrx_word' id='word_1_187' title='bbox 856 3968 859 3975; x_wconf 83' lang='grc'><strong>’</strong></span> 
     </span>
    </p>
   </div>
   <div class='ocr_carea' id='block_1_8' title="bbox 0 0 1392 4934">
    <p class='ocr_par' dir='ltr' id='par_1_15' title="bbox 0 0 1392 4934">
     <span class='ocr_line' id='line_1_31' title="bbox 0 0 1392 4934; baseline 0 0"><span class='ocrx_word' id='word_1_188' title='bbox 0 0 1392 4934; x_wconf 95' lang='lat' dir='ltr'><strong> </strong></span> 
     </span>
    </p>
   </div>
  </div>
 </body>
</html>
