<?xml version="1.0" encoding="UTF-8"?>
<!DOCTYPE html PUBLIC "-//W3C//DTD XHTML 1.0 Transitional//EN"
    "http://www.w3.org/TR/xhtml1/DTD/xhtml1-transitional.dtd">
<html xmlns="http://www.w3.org/1999/xhtml" xml:lang="en" lang="en">
 <head>
  <title>
</title>
<meta http-equiv="Content-Type" content="text/html;charset=utf-8" />
  <meta name='ocr-system' content='tesseract 3.04.00' />
  <meta name='ocr-capabilities' content='ocr_page ocr_carea ocr_par ocr_line ocrx_word'/>
</head>
<body>
  <div class='ocr_page' id='page_1' title='image "./itinerariumalex00valegoog_0174.png"; bbox 0 0 2776 4934; ppageno 0'>
   <div class='ocr_carea' id='block_1_1' title="bbox 571 348 867 472">
    <p class='ocr_par' dir='ltr' id='par_1_1' title="bbox 571 348 867 472">
     <span class='ocr_line' id='line_1_1' title="bbox 571 348 867 472; baseline 0.01 -17"><span class='ocrx_word' id='word_1_1' title='bbox 571 395 649 472; x_wconf 82' lang='lat' dir='ltr'><strong>suv</strong></span> <span class='ocrx_word' id='word_1_2' title='bbox 674 348 808 455; x_wconf 56' lang='lat' dir='ltr'><strong>iruna*</strong></span> <span class='ocrx_word' id='word_1_3' title='bbox 824 398 867 458; x_wconf 88' lang='lat'><strong>1.·</strong></span> 
     </span>
    </p>
   </div>
   <div class='ocr_carea' id='block_1_2' title="bbox 266 544 1034 1967">
    <p class='ocr_par' dir='ltr' id='par_1_2' title="bbox 273 544 1034 1307">
     <span class='ocr_line' id='line_1_2' title="bbox 284 544 980 653; baseline 0.001 -27"><span class='ocrx_word' id='word_1_4' title='bbox 284 573 457 646; x_wconf 80' lang='lat' dir='ltr'><strong>Pyrrhusque</strong></span> <span class='ocrx_word' id='word_1_5' title='bbox 479 584 542 644; x_wconf 90' lang='lat' dir='ltr'><strong>post</strong></span> <span class='ocrx_word' id='word_1_6' title='bbox 561 573 592 627; x_wconf 89' lang='lat' dir='ltr'><strong>id</strong></span> <span class='ocrx_word' id='word_1_7' title='bbox 612 575 705 629; x_wconf 81' lang='lat' dir='ltr'>nobile</span> <span class='ocrx_word' id='word_1_8' title='bbox 724 544 826 653; x_wconf 74' lang='lat' dir='ltr'><strong>adserit</strong></span> <span class='ocrx_word' id='word_1_9' title='bbox 847 592 980 644; x_wconf 83' lang='lat' dir='ltr'><strong>sanguen,</strong></span> 
     </span>
     <span class='ocr_line' id='line_1_3' title="bbox 282 676 1034 756; baseline 0.004 -21"><span class='ocrx_word' id='word_1_10' title='bbox 282 685 371 755; x_wconf 86' lang='lat' dir='ltr'><strong>Quem</strong></span> <span class='ocrx_word' id='word_1_11' title='bbox 393 685 533 737; x_wconf 84' lang='lat' dir='ltr'><strong>subsecuta</strong></span> <span class='ocrx_word' id='word_1_12' title='bbox 554 694 595 738; x_wconf 86' lang='lat' dir='ltr'><strong>est</strong></span> <span class='ocrx_word' id='word_1_13' title='bbox 615 685 687 738; x_wconf 89' lang='lat' dir='ltr'><strong>Pieli</strong></span> <span class='ocrx_word' id='word_1_14' title='bbox 705 676 744 725; x_wconf 66' lang='lat' dir='ltr'><strong>(a)</strong></span> <span class='ocrx_word' id='word_1_15' title='bbox 768 685 839 736; x_wconf 86' lang='lat' dir='ltr'><strong>lama</strong></span> <span class='ocrx_word' id='word_1_16' title='bbox 861 702 915 737; x_wconf 84' lang='lat' dir='ltr'><strong>non</strong></span> <span class='ocrx_word' id='word_1_17' title='bbox 936 685 1034 756; x_wconf 77' lang='lat' dir='ltr'><strong>dispar.</strong></span> 
     </span>
     <span class='ocr_line' id='line_1_4' title="bbox 279 780 934 864; baseline 0.003 -19"><span class='ocrx_word' id='word_1_18' title='bbox 279 794 403 864; x_wconf 89' lang='lat' dir='ltr'><strong>Pielique</strong></span> <span class='ocrx_word' id='word_1_19' title='bbox 424 793 512 862; x_wconf 88' lang='lat' dir='ltr'><strong>proles</strong></span> <span class='ocrx_word' id='word_1_20' title='bbox 528 792 637 847; x_wconf 69' lang='lat' dir='ltr'><strong>‘Eubius</strong></span> <span class='ocrx_word' id='word_1_21' title='bbox 655 780 689 836; x_wconf 55' lang='grc' dir='ltr'><strong>(ὃ)</strong></span> <span class='ocrx_word' id='word_1_22' title='bbox 713 795 810 846; x_wconf 89' lang='lat' dir='ltr'><strong>dehinc</strong></span> <span class='ocrx_word' id='word_1_23' title='bbox 832 806 934 862; x_wconf 82' lang='lat' dir='ltr'><strong>regnat.</strong></span> 
     </span>
     <span class='ocr_line' id='line_1_5' title="bbox 277 895 1015 976; baseline 0.003 -21"><span class='ocrx_word' id='word_1_24' title='bbox 277 901 343 955; x_wconf 82' lang='lat' dir='ltr'><strong>Post</strong></span> <span class='ocrx_word' id='word_1_25' title='bbox 363 903 461 955; x_wconf 87' lang='lat' dir='ltr'><strong>Nessus</strong></span> <span class='ocrx_word' id='word_1_26' title='bbox 483 902 577 965; x_wconf 80' lang='lat' dir='ltr'><strong>ardens</strong></span> <span class='ocrx_word' id='word_1_27' title='bbox 599 906 700 976; x_wconf 87' lang='lat' dir='ltr'><strong>excipit</strong></span> <span class='ocrx_word' id='word_1_28' title='bbox 722 906 819 958; x_wconf 76' lang='lat' dir='ltr'><strong>domus</strong></span> <span class='ocrx_word' id='word_1_29' title='bbox 836 895 870 946; x_wconf 57' lang='grc' dir='ltr'><strong>(θ)</strong></span> <span class='ocrx_word' id='word_1_30' title='bbox 898 923 1015 971; x_wconf 86' lang='lat' dir='ltr'><strong>nomen,</strong></span> 
     </span>
     <span class='ocr_line' id='line_1_6' title="bbox 275 986 1006 1087; baseline 0.008 -24"><span class='ocrx_word' id='word_1_31' title='bbox 275 1008 419 1083; x_wconf 84' lang='lat' dir='ltr'><strong>Argusque</strong></span> <span class='ocrx_word' id='word_1_32' title='bbox 439 1025 502 1082; x_wconf 88' lang='lat' dir='ltr'><strong>post</strong></span> <span class='ocrx_word' id='word_1_33' title='bbox 524 1014 553 1064; x_wconf 94' lang='lat' dir='ltr'><strong>id</strong></span> <span class='ocrx_word' id='word_1_34' title='bbox 576 1015 621 1087; x_wconf 91' lang='lat' dir='ltr'><strong>qui</strong></span> <span class='ocrx_word' id='word_1_35' title='bbox 642 1029 737 1086; x_wconf 88' lang='lat' dir='ltr'><strong>potens</strong></span> <span class='ocrx_word' id='word_1_36' title='bbox 760 1016 814 1067; x_wconf 82' lang='lat' dir='ltr'><strong>fuit</strong></span> <span class='ocrx_word' id='word_1_37' title='bbox 836 986 937 1069; x_wconf 87' lang='lat' dir='ltr'><strong>Xanthi</strong></span> <span class='ocrx_word' id='word_1_38' title='bbox 959 1006 1006 1069; x_wconf 48' lang='grc' dir='ltr'><strong>(ἲ).</strong></span> 
     </span>
     <span class='ocr_line' id='line_1_7' title="bbox 273 1104 989 1198; baseline 0.004 -26"><span class='ocrx_word' id='word_1_39' title='bbox 273 1121 316 1174; x_wconf 86' lang='lat' dir='ltr'><strong>Ex</strong></span> <span class='ocrx_word' id='word_1_40' title='bbox 338 1121 389 1174; x_wconf 93' lang='lat' dir='ltr'><strong>hoc</strong></span> <span class='ocrx_word' id='word_1_41' title='bbox 411 1122 511 1176; x_wconf 85' lang='lat' dir='ltr'><strong>Aretae</strong></span> <span class='ocrx_word' id='word_1_42' title='bbox 527 1114 568 1168; x_wconf 65' lang='lat' dir='ltr'><strong>(d)</strong></span> <span class='ocrx_word' id='word_1_43' title='bbox 589 1127 689 1179; x_wconf 87' lang='lat' dir='ltr'><strong>nobilis</strong></span> <span class='ocrx_word' id='word_1_44' title='bbox 711 1145 796 1198; x_wconf 81' lang='lat' dir='ltr'><strong>genus</strong></span> <span class='ocrx_word' id='word_1_45' title='bbox 818 1124 928 1176; x_wconf 82' lang='lat' dir='ltr'><strong>ducitur</strong></span> <span class='ocrx_word' id='word_1_46' title='bbox 944 1104 989 1175; x_wconf 55' lang='grc' dir='ltr'><strong>(θ).</strong></span> 
     </span>
     <span class='ocr_line' id='line_1_8' title="bbox 273 1229 838 1307; baseline 0.011 -25"><span class='ocrx_word' id='word_1_47' title='bbox 273 1229 355 1282; x_wconf 82' lang='lat' dir='ltr'><strong>Arete</strong></span> <span class='ocrx_word' id='word_1_48' title='bbox 376 1243 454 1284; x_wconf 81' lang='lat' dir='ltr'><strong>natus</strong></span> <span class='ocrx_word' id='word_1_49' title='bbox 475 1233 577 1288; x_wconf 85' lang='lat' dir='ltr'><strong>Priami</strong></span> <span class='ocrx_word' id='word_1_50' title='bbox 598 1254 698 1289; x_wconf 83' lang='lat' dir='ltr'><strong>nomen</strong></span> <span class='ocrx_word' id='word_1_51' title='bbox 720 1237 838 1307; x_wconf 87' lang='lat' dir='ltr'><strong>aceepit,</strong></span> 
     </span>
    </p>

    <p class='ocr_par' dir='ltr' id='par_1_3' title="bbox 272 1342 917 1418">
     <span class='ocr_line' id='line_1_9' title="bbox 272 1342 917 1418; baseline 0.005 -25"><span class='ocrx_word' id='word_1_52' title='bbox 272 1342 393 1409; x_wconf 71' lang='lat' dir='ltr'><strong>Tryinus</strong></span> <span class='ocrx_word' id='word_1_53' title='bbox 415 1344 488 1394; x_wconf 89' lang='lat' dir='ltr'><strong>unde</strong></span> <span class='ocrx_word' id='word_1_54' title='bbox 511 1359 537 1397; x_wconf 91' lang='lat' dir='ltr'><strong>et</strong></span> <span class='ocrx_word' id='word_1_55' title='bbox 558 1347 717 1400; x_wconf 87' lang='lat' dir='ltr'><strong>Erimachus</strong></span> <span class='ocrx_word' id='word_1_56' title='bbox 739 1360 798 1418; x_wconf 93' lang='lat' dir='ltr'><strong>post</strong></span> <span class='ocrx_word' id='word_1_57' title='bbox 821 1347 917 1410; x_wconf 86' lang='lat' dir='ltr'><strong>illum,</strong></span> 
     </span>
    </p>

    <p class='ocr_par' dir='ltr' id='par_1_4' title="bbox 267 1451 997 1856">
     <span class='ocr_line' id='line_1_10' title="bbox 273 1451 965 1524; baseline -0.001 -19"><span class='ocrx_word' id='word_1_58' title='bbox 273 1451 316 1505; x_wconf 85' lang='lat' dir='ltr'><strong>Ex</strong></span> <span class='ocrx_word' id='word_1_59' title='bbox 340 1468 393 1522; x_wconf 89' lang='lat' dir='ltr'><strong>quo</strong></span> <span class='ocrx_word' id='word_1_60' title='bbox 415 1452 506 1521; x_wconf 91' lang='lat' dir='ltr'><strong>Lycus</strong></span> <span class='ocrx_word' id='word_1_61' title='bbox 526 1454 558 1507; x_wconf 87' lang='lat' dir='ltr'><strong>fir</strong></span> <span class='ocrx_word' id='word_1_62' title='bbox 579 1456 671 1524; x_wconf 85' lang='lat' dir='ltr'><strong>dives,</strong></span> <span class='ocrx_word' id='word_1_63' title='bbox 694 1458 839 1511; x_wconf 72' lang='lat' dir='ltr'><strong>et&#39;dehine</strong></span> <span class='ocrx_word' id='word_1_64' title='bbox 863 1459 965 1510; x_wconf 85' lang='lat' dir='ltr'><strong>Castor.</strong></span> 
     </span>
     <span class='ocr_line' id='line_1_11' title="bbox 268 1562 976 1640; baseline -0.001 -26"><span class='ocrx_word' id='word_1_65' title='bbox 268 1562 379 1614; x_wconf 89' lang='lat' dir='ltr'><strong>Ca&#39;store</strong></span> <span class='ocrx_word' id='word_1_66' title='bbox 401 1574 479 1615; x_wconf 89' lang='lat' dir='ltr'><strong>natus</strong></span> <span class='ocrx_word' id='word_1_67' title='bbox 504 1577 542 1617; x_wconf 90' lang='lat' dir='ltr'><strong>est</strong></span> <span class='ocrx_word' id='word_1_68' title='bbox 566 1568 689 1620; x_wconf 88' lang='lat' dir='ltr'><strong>Dromon</strong></span> <span class='ocrx_word' id='word_1_69' title='bbox 712 1570 758 1640; x_wconf 89' lang='lat' dir='ltr'><strong>qui</strong></span> <span class='ocrx_word' id='word_1_70' title='bbox 780 1569 825 1620; x_wconf 90' lang='lat' dir='ltr'><strong>dat</strong></span> <span class='ocrx_word' id='word_1_71' title='bbox 846 1568 976 1620; x_wconf 89' lang='lat' dir='ltr'><strong>Phocum.</strong></span> 
     </span>
     <span class='ocr_line' id='line_1_12' title="bbox 267 1670 997 1748; baseline -0.001 -24"><span class='ocrx_word' id='word_1_72' title='bbox 267 1670 360 1743; x_wconf 81' lang='lat' dir='ltr'><strong>Atque</strong></span> <span class='ocrx_word' id='word_1_73' title='bbox 382 1672 444 1725; x_wconf 91' lang='lat' dir='ltr'><strong>hinc</strong></span> <span class='ocrx_word' id='word_1_74' title='bbox 465 1674 574 1726; x_wconf 86' lang='lat' dir='ltr'><strong>suborta</strong></span> <span class='ocrx_word' id='word_1_75' title='bbox 597 1691 637 1728; x_wconf 89' lang='lat' dir='ltr'><strong>est</strong></span> <span class='ocrx_word' id='word_1_76' title='bbox 657 1679 767 1730; x_wconf 83' lang='lat' dir='ltr'><strong>Metrias</strong></span> <span class='ocrx_word' id='word_1_77' title='bbox 790 1695 858 1748; x_wconf 90' lang='lat' dir='ltr'><strong>quae</strong></span> <span class='ocrx_word' id='word_1_78' title='bbox 881 1673 997 1743; x_wconf 84' lang='lat' dir='ltr'><strong>suscepit</strong></span> 
     </span>
     <span class='ocr_line' id='line_1_13' title="bbox 268 1773 902 1856; baseline 0 -21"><span class='ocrx_word' id='word_1_79' title='bbox 268 1781 458 1850; x_wconf 84' lang='lat' dir='ltr'><strong>Neoptolemei</strong></span> <span class='ocrx_word' id='word_1_80' title='bbox 468 1773 502 1828; x_wconf 75' lang='lat' dir='ltr'><strong>(f</strong></span> <span class='ocrx_word' id='word_1_81' title='bbox 504 1774 516 1826; x_wconf 89' lang='grc'>)</span> <span class='ocrx_word' id='word_1_82' title='bbox 539 1776 656 1841; x_wconf 58' lang='lat' dir='ltr'><strong>niminis</strong></span> <span class='ocrx_word' id='word_1_83' title='bbox 675 1788 761 1839; x_wconf 86' lang='lat' dir='ltr'><strong>vicem</strong></span> <span class='ocrx_word' id='word_1_84' title='bbox 784 1787 902 1856; x_wconf 83' lang='lat' dir='ltr'><strong>dignam.</strong></span> 
     </span>
    </p>

    <p class='ocr_par' dir='ltr' id='par_1_5' title="bbox 266 1886 1006 1967">
     <span class='ocr_line' id='line_1_14' title="bbox 266 1886 1006 1967; baseline 0.001 -24"><span class='ocrx_word' id='word_1_85' title='bbox 266 1891 319 1943; x_wconf 88' lang='lat' dir='ltr'><strong>Cui</strong></span> <span class='ocrx_word' id='word_1_86' title='bbox 340 1892 499 1948; x_wconf 85' lang='lat' dir='ltr'><strong>substitutus</strong></span> <span class='ocrx_word' id='word_1_87' title='bbox 518 1896 657 1967; x_wconf 79' lang='lat' dir='ltr'><strong>Charopus</strong></span> <span class='ocrx_word' id='word_1_88' title='bbox 676 1886 727 1945; x_wconf 75' lang='lat' dir='ltr'><strong>(a),</strong></span> <span class='ocrx_word' id='word_1_89' title='bbox 750 1897 802 1950; x_wconf 90' lang='lat' dir='ltr'><strong>Hic</strong></span> <span class='ocrx_word' id='word_1_90' title='bbox 824 1896 1006 1949; x_wconf 84' lang='lat' dir='ltr'><strong>Molossorum</strong></span> 
     </span>
    </p>
   </div>
   <div class='ocr_carea' id='block_1_3' title="bbox 143 1999 958 2077">
    <p class='ocr_par' dir='ltr' id='par_1_6' title="bbox 143 1999 958 2077">
     <span class='ocr_line' id='line_1_15' title="bbox 143 1999 958 2077; baseline 0.005 -25"><span class='ocrx_word' id='word_1_91' title='bbox 143 2017 144 2020; x_wconf 73' lang='grc'>’</span> <span class='ocrx_word' id='word_1_92' title='bbox 198 2040 200 2045; x_wconf 82' lang='lat'><em>.</em></span> <span class='ocrx_word' id='word_1_93' title='bbox 264 1999 354 2071; x_wconf 84' lang='lat' dir='ltr'>Regni</span> <span class='ocrx_word' id='word_1_94' title='bbox 376 2004 479 2072; x_wconf 87' lang='lat' dir='ltr'><strong>potitus</strong></span> <span class='ocrx_word' id='word_1_95' title='bbox 501 2018 594 2057; x_wconf 82' lang='lat' dir='ltr'><strong>auctor</strong></span> <span class='ocrx_word' id='word_1_96' title='bbox 617 2007 707 2060; x_wconf 83' lang='lat' dir='ltr'><strong>extitit</strong></span> <span class='ocrx_word' id='word_1_97' title='bbox 730 2007 820 2077; x_wconf 80' lang='lat' dir='ltr'><strong>stirpis</strong></span> <span class='ocrx_word' id='word_1_98' title='bbox 842 2018 958 2058; x_wconf 86' lang='lat' dir='ltr'><strong>nostrae.</strong></span> 
     </span>
    </p>
   </div>
   <div class='ocr_carea' id='block_1_4' title="bbox 173 2300 1192 2527">
    <p class='ocr_par' dir='ltr' id='par_1_7' title="bbox 173 2300 1192 2527">
     <span class='ocr_line' id='line_1_16' title="bbox 201 2300 1192 2368; baseline -0.008 -11"><span class='ocrx_word' id='word_1_99' title='bbox 201 2305 240 2357; x_wconf 75' lang='lat' dir='ltr'><strong>(a)</strong></span> <span class='ocrx_word' id='word_1_100' title='bbox 259 2306 321 2353; x_wconf 84' lang='lat' dir='ltr'><strong>cod.</strong></span> <span class='ocrx_word' id='word_1_101' title='bbox 339 2300 429 2366; x_wconf 79' lang='lat' dir='ltr'><strong>pueri,</strong></span> <span class='ocrx_word' id='word_1_102' title='bbox 454 2310 526 2368; x_wconf 89' lang='lat' dir='ltr'><strong>quod</strong></span> <span class='ocrx_word' id='word_1_103' title='bbox 546 2310 657 2354; x_wconf 81' lang='lat' dir='ltr'><strong>fortasse</strong></span> <span class='ocrx_word' id='word_1_104' title='bbox 679 2310 790 2354; x_wconf 83' lang='lat' dir='ltr'><strong>retineri</strong></span> <span class='ocrx_word' id='word_1_105' title='bbox 816 2314 911 2366; x_wconf 80' lang='lat' dir='ltr'><strong>potest.</strong></span> <span class='ocrx_word' id='word_1_106' title='bbox 943 2302 978 2356; x_wconf 80' lang='lat' dir='ltr'><strong>(b)</strong></span> <span class='ocrx_word' id='word_1_107' title='bbox 996 2305 1059 2351; x_wconf 80' lang='lat' dir='ltr'><strong>cod.</strong></span> <span class='ocrx_word' id='word_1_108' title='bbox 1074 2305 1192 2365; x_wconf 80' lang='lat' dir='ltr'><strong>Pierique</strong></span> 
     </span>
     <span class='ocr_line' id='line_1_17' title="bbox 173 2377 1189 2438; baseline -0.003 -15"><span class='ocrx_word' id='word_1_109' title='bbox 173 2377 357 2437; x_wconf 80' lang='lat' dir='ltr'><strong>proaeseubius·</strong></span> <span class='ocrx_word' id='word_1_110' title='bbox 398 2385 432 2436; x_wconf 85' lang='lat' dir='ltr'><strong>(c)</strong></span> <span class='ocrx_word' id='word_1_111' title='bbox 461 2385 523 2430; x_wconf 85' lang='lat' dir='ltr'><strong>cod.</strong></span> <span class='ocrx_word' id='word_1_112' title='bbox 547 2384 642 2431; x_wconf 85' lang='lat' dir='ltr'><strong>domos.</strong></span> <span class='ocrx_word' id='word_1_113' title='bbox 686 2386 727 2438; x_wconf 85' lang='lat' dir='ltr'><strong>(d)</strong></span> <span class='ocrx_word' id='word_1_114' title='bbox 749 2385 812 2432; x_wconf 82' lang='lat' dir='ltr'><strong>cod.</strong></span> <span class='ocrx_word' id='word_1_115' title='bbox 837 2387 928 2432; x_wconf 78' lang='lat' dir='ltr'><strong>Arete.</strong></span> <span class='ocrx_word' id='word_1_116' title='bbox 973 2388 1007 2435; x_wconf 83' lang='lat' dir='ltr'><strong>(el</strong></span> <span class='ocrx_word' id='word_1_117' title='bbox 1033 2381 1097 2426; x_wconf 87' lang='lat' dir='ltr'><strong>God.</strong></span> <span class='ocrx_word' id='word_1_118' title='bbox 1123 2378 1189 2431; x_wconf 75' lang='lat' dir='ltr'><strong>duct.</strong></span> 
     </span>
     <span class='ocr_line' id='line_1_18' title="bbox 174 2455 490 2527; baseline 0.013 -27"><span class='ocrx_word' id='word_1_119' title='bbox 174 2457 218 2510; x_wconf 86' lang='lat' dir='ltr'><strong>(f)</strong></span> <span class='ocrx_word' id='word_1_120' title='bbox 240 2455 303 2501; x_wconf 83' lang='lat' dir='ltr'><strong>cod.</strong></span> <span class='ocrx_word' id='word_1_121' title='bbox 324 2459 365 2527; x_wconf 78' lang='lat' dir='ltr'><strong>Ne</strong></span> <span class='ocrx_word' id='word_1_122' title='bbox 383 2456 490 2504; x_wconf 85' lang='lat' dir='ltr'><strong>tolemsi.</strong></span> 
     </span>
    </p>
   </div>
   <div class='ocr_carea' id='block_1_5' title="bbox 167 2697 1189 2859">
    <p class='ocr_par' dir='ltr' id='par_1_8' title="bbox 167 2697 1189 2859">
     <span class='ocr_line' id='line_1_19' title="bbox 172 2697 1189 2772; baseline -0.001 -19"><span class='ocrx_word' id='word_1_123' title='bbox 172 2705 200 2753; x_wconf 88' lang='lat' dir='ltr'><strong>in</strong></span> <span class='ocrx_word' id='word_1_124' title='bbox 223 2701 265 2753; x_wconf 86' lang='lat' dir='ltr'><strong>his</strong></span> <span class='ocrx_word' id='word_1_125' title='bbox 289 2700 355 2753; x_wconf 87' lang='lat' dir='ltr'><strong>loeis</strong></span> <span class='ocrx_word' id='word_1_126' title='bbox 381 2703 507 2754; x_wconf 84' lang='lat' dir='ltr'><strong>consedit.</strong></span> <span class='ocrx_word' id='word_1_127' title='bbox 546 2702 687 2754; x_wconf 80' lang='lat' dir='ltr'><strong>Successor</strong></span> <span class='ocrx_word' id='word_1_128' title='bbox 707 2702 767 2754; x_wconf 79' lang='lat' dir='ltr'><strong>huie</strong></span> <span class='ocrx_word' id='word_1_129' title='bbox 787 2700 873 2753; x_wconf 84' lang='lat' dir='ltr'><strong>Pialz‘s</strong></span> <span class='ocrx_word' id='word_1_130' title='bbox 899 2700 964 2768; x_wconf 91' lang='lat' dir='ltr'><strong>(dic</strong></span> <span class='ocrx_word' id='word_1_131' title='bbox 981 2699 1092 2768; x_wconf 83' lang='lat' dir='ltr'><strong>Pielus)</strong></span> <span class='ocrx_word' id='word_1_132' title='bbox 1108 2697 1189 2772; x_wconf 82' lang='lat' dir='ltr'><strong>filins</strong></span> 
     </span>
     <span class='ocr_line' id='line_1_20' title="bbox 167 2783 1187 2859; baseline -0.001 -20"><span class='ocrx_word' id='word_1_133' title='bbox 167 2785 233 2859; x_wconf 80' lang='lat' dir='ltr'><strong>fuit.</strong></span> <span class='ocrx_word' id='word_1_134' title='bbox 265 2787 318 2838; x_wconf 82' lang='lat' dir='ltr'><strong>Per</strong></span> <span class='ocrx_word' id='word_1_135' title='bbox 334 2783 456 2838; x_wconf 79' lang='lat' dir='ltr'><strong>ordinem</strong></span> <span class='ocrx_word' id='word_1_136' title='bbox 478 2786 575 2838; x_wconf 82' lang='lat' dir='ltr'><strong>deinde</strong></span> <span class='ocrx_word' id='word_1_137' title='bbox 592 2806 702 2858; x_wconf 82' lang='lat' dir='ltr'><strong>regnum</strong></span> <span class='ocrx_word' id='word_1_138' title='bbox 725 2787 761 2838; x_wconf 86' lang='lat' dir='ltr'><strong>ad</strong></span> <span class='ocrx_word' id='word_1_139' title='bbox 778 2785 920 2858; x_wconf 83' lang='lat' dir='ltr'><strong>Arrylram</strong></span> <span class='ocrx_word' id='word_1_140' title='bbox 943 2786 1088 2837; x_wconf 81' lang='lat' dir='ltr'><strong>deseendit.</strong></span> <span class='ocrx_word' id='word_1_141' title='bbox 1124 2787 1187 2839; x_wconf 86' lang='lat' dir='ltr'><strong>Fuit</strong></span> 
     </span>
    </p>
   </div>
   <div class='ocr_carea' id='block_1_6' title="bbox 170 2863 1274 2942">
    <p class='ocr_par' dir='ltr' id='par_1_9' title="bbox 170 2863 1274 2942">
     <span class='ocr_line' id='line_1_21' title="bbox 170 2863 1274 2942; baseline -0.002 -17"><span class='ocrx_word' id='word_1_142' title='bbox 170 2886 265 2925; x_wconf 85' lang='lat' dir='ltr'><strong>autem</strong></span> <span class='ocrx_word' id='word_1_143' title='bbox 292 2873 413 2939; x_wconf 80' lang='lat' dir='ltr'><strong>Arrybas</strong></span> <span class='ocrx_word' id='word_1_144' title='bbox 438 2884 548 2942; x_wconf 88' lang='lat' dir='ltr'><strong>patruus</strong></span> <span class='ocrx_word' id='word_1_145' title='bbox 570 2873 752 2942; x_wconf 83' lang='lat' dir='ltr'><strong>Olympiadis.</strong></span> <span class='ocrx_word' id='word_1_146' title='bbox 783 2873 927 2925; x_wconf 83' lang='lat' dir='ltr'><strong>Pausanias</strong></span> <span class='ocrx_word' id='word_1_147' title='bbox 951 2863 1185 2924; x_wconf 82' lang='lat' dir='ltr'><strong>iteruAttic.x1.</strong></span> <span class='ocrx_word' id='word_1_148' title='bbox 1271 2918 1274 2927; x_wconf 83' lang='lat'><em>.</em></span> 
     </span>
    </p>
   </div>
   <div class='ocr_carea' id='block_1_7' title="bbox 161 2957 1221 4056">
    <p class='ocr_par' dir='ltr' id='par_1_10' title="bbox 167 2957 1221 3626">
     <span class='ocr_line' id='line_1_22' title="bbox 170 2957 1186 3028; baseline -0.004 -18"><span class='ocrx_word' id='word_1_149' title='bbox 170 2978 185 3010; x_wconf 91' lang='lat' dir='ltr'><strong>a</strong></span> <span class='ocrx_word' id='word_1_150' title='bbox 208 2959 308 3026; x_wconf 82' lang='lat' dir='ltr'><strong>Pyrrhi</strong></span> <span class='ocrx_word' id='word_1_151' title='bbox 326 2957 390 3010; x_wconf 88' lang='lat' dir='ltr'><strong>filiis</strong></span> <span class='ocrx_word' id='word_1_152' title='bbox 410 2958 508 3010; x_wconf 85' lang='lat' dir='ltr'><strong>transit</strong></span> <span class='ocrx_word' id='word_1_153' title='bbox 522 2958 555 3010; x_wconf 92' lang='lat' dir='ltr'><strong>ad</strong></span> <span class='ocrx_word' id='word_1_154' title='bbox 572 2959 747 3028; x_wconf 89' lang='lat' dir='ltr'><strong>Tharypum,</strong></span> <span class='ocrx_word' id='word_1_155' title='bbox 770 2957 993 3009; x_wconf 72' lang='lat' dir='ltr'><strong>interme-diorum</strong></span> <span class='ocrx_word' id='word_1_156' title='bbox 1011 2974 1105 3026; x_wconf 88' lang='lat' dir='ltr'><strong>regum</strong></span> <span class='ocrx_word' id='word_1_157' title='bbox 1122 2975 1186 3025; x_wconf 88' lang='lat' dir='ltr'><strong>sup-</strong></span> 
     </span>
     <span class='ocr_line' id='line_1_23' title="bbox 168 3042 1182 3116; baseline -0.001 -21"><span class='ocrx_word' id='word_1_158' title='bbox 168 3045 268 3116; x_wconf 85' lang='lat' dir='ltr'><strong>pressis</strong></span> <span class='ocrx_word' id='word_1_159' title='bbox 283 3043 446 3095; x_wconf 89' lang='lat' dir='ltr'><strong>nominibus.</strong></span> <span class='ocrx_word' id='word_1_160' title='bbox 477 3045 562 3096; x_wconf 87' lang='lat' dir='ltr'><strong>Porro</strong></span> <span class='ocrx_word' id='word_1_161' title='bbox 580 3044 612 3095; x_wconf 89' lang='lat' dir='ltr'><strong>ad</strong></span> <span class='ocrx_word' id='word_1_162' title='bbox 628 3045 735 3097; x_wconf 86' lang='lat' dir='ltr'><strong>Pielum</strong></span> <span class='ocrx_word' id='word_1_163' title='bbox 753 3044 825 3114; x_wconf 88' lang='lat' dir='ltr'><strong>quod</strong></span> <span class='ocrx_word' id='word_1_164' title='bbox 844 3043 942 3096; x_wconf 89' lang='lat' dir='ltr'><strong>attinet</strong></span> <span class='ocrx_word' id='word_1_165' title='bbox 960 3043 1010 3095; x_wconf 87' lang='lat' dir='ltr'><strong>etsi</strong></span> <span class='ocrx_word' id='word_1_166' title='bbox 1026 3043 1048 3094; x_wconf 88' lang='lat' dir='ltr'><strong>is</strong></span> <span class='ocrx_word' id='word_1_167' title='bbox 1066 3042 1182 3095; x_wconf 86' lang='lat' dir='ltr'><strong>secundo</strong></span> 
     </span>
     <span class='ocr_line' id='line_1_24' title="bbox 167 3129 1213 3200; baseline -0.003 -17"><span class='ocrx_word' id='word_1_168' title='bbox 167 3132 229 3183; x_wconf 91' lang='lat' dir='ltr'><strong>loco</strong></span> <span class='ocrx_word' id='word_1_169' title='bbox 246 3141 324 3181; x_wconf 87' lang='lat' dir='ltr'><strong>natus</strong></span> <span class='ocrx_word' id='word_1_170' title='bbox 343 3141 382 3179; x_wconf 86' lang='lat' dir='ltr'><strong>est</strong></span> <span class='ocrx_word' id='word_1_171' title='bbox 398 3147 431 3184; x_wconf 83' lang='lat' dir='ltr'><strong>ex</strong></span> <span class='ocrx_word' id='word_1_172' title='bbox 440 3129 629 3182; x_wconf 84' lang='lat' dir='ltr'><strong>Andromacha</strong></span> <span class='ocrx_word' id='word_1_173' title='bbox 646 3142 672 3181; x_wconf 88' lang='lat' dir='ltr'><strong>et</strong></span> <span class='ocrx_word' id='word_1_174' title='bbox 687 3130 792 3196; x_wconf 86' lang='lat' dir='ltr'><strong>Pyrrho</strong></span> <span class='ocrx_word' id='word_1_175' title='bbox 809 3148 907 3200; x_wconf 86' lang='lat' dir='ltr'><strong>nempe</strong></span> <span class='ocrx_word' id='word_1_176' title='bbox 921 3141 984 3200; x_wconf 93' lang='lat' dir='ltr'><strong>post</strong></span> <span class='ocrx_word' id='word_1_177' title='bbox 1000 3129 1112 3180; x_wconf 84' lang='lat' dir='ltr'><strong>fratrem</strong></span> <span class='ocrx_word' id='word_1_178' title='bbox 1122 3130 1184 3180; x_wconf 85' lang='lat' dir='ltr'><strong>Mo·</strong></span> <span class='ocrx_word' id='word_1_179' title='bbox 1209 3149 1213 3157; x_wconf 93' lang='lat'>·</span> 
     </span>
     <span class='ocr_line' id='line_1_25' title="bbox 167 3213 1182 3281; baseline -0.001 -15"><span class='ocrx_word' id='word_1_180' title='bbox 167 3219 287 3279; x_wconf 86' lang='lat' dir='ltr'><strong>lossunr,</strong></span> <span class='ocrx_word' id='word_1_181' title='bbox 316 3214 493 3266; x_wconf 88' lang='lat' dir='ltr'><strong>nihilominus</strong></span> <span class='ocrx_word' id='word_1_182' title='bbox 520 3215 597 3267; x_wconf 92' lang='lat' dir='ltr'><strong>docet</strong></span> <span class='ocrx_word' id='word_1_183' title='bbox 613 3216 757 3268; x_wconf 81' lang='lat' dir='ltr'><strong>Pausanias</strong></span> <span class='ocrx_word' id='word_1_184' title='bbox 775 3217 858 3268; x_wconf 78' lang='lat' dir='ltr'><strong>Attio.</strong></span> <span class='ocrx_word' id='word_1_185' title='bbox 874 3232 920 3270; x_wconf 81' lang='lat' dir='ltr'><strong>xr.</strong></span> <span class='ocrx_word' id='word_1_186' title='bbox 943 3214 977 3268; x_wconf 87' lang='lat' dir='ltr'><strong>ad</strong></span> <span class='ocrx_word' id='word_1_187' title='bbox 995 3215 1074 3265; x_wconf 88' lang='lat' dir='ltr'><strong>illum</strong></span> <span class='ocrx_word' id='word_1_188' title='bbox 1092 3213 1182 3281; x_wconf 86' lang='lat' dir='ltr'><strong>potius</strong></span> 
     </span>
     <span class='ocr_line' id='line_1_26' title="bbox 168 3296 1221 3372; baseline -0.003 -20"><span class='ocrx_word' id='word_1_189' title='bbox 168 3319 250 3372; x_wconf 90' lang='lat' dir='ltr'><strong>quam</strong></span> <span class='ocrx_word' id='word_1_190' title='bbox 267 3301 300 3352; x_wconf 89' lang='lat' dir='ltr'><strong>ad</strong></span> <span class='ocrx_word' id='word_1_191' title='bbox 318 3301 389 3351; x_wconf 90' lang='lat' dir='ltr'><strong>hunc</strong></span> <span class='ocrx_word' id='word_1_192' title='bbox 405 3300 552 3368; x_wconf 86' lang='lat' dir='ltr'><strong>Pyrrhidas</strong></span> <span class='ocrx_word' id='word_1_193' title='bbox 568 3301 672 3372; x_wconf 85' lang='lat' dir='ltr'><strong>generis</strong></span> <span class='ocrx_word' id='word_1_194' title='bbox 697 3301 830 3370; x_wconf 88' lang='lat' dir='ltr'><strong>origi-nem</strong></span> <span class='ocrx_word' id='word_1_195' title='bbox 855 3301 949 3354; x_wconf 90' lang='lat' dir='ltr'><strong>solitos</strong></span> <span class='ocrx_word' id='word_1_196' title='bbox 972 3300 1056 3351; x_wconf 83' lang='lat' dir='ltr'><strong>fuisse</strong></span> <span class='ocrx_word' id='word_1_197' title='bbox 1071 3296 1181 3349; x_wconf 80' lang='lat' dir='ltr'><strong>referre.</strong></span> <span class='ocrx_word' id='word_1_198' title='bbox 1219 3366 1221 3371; x_wconf 11' lang='grc' dir='ltr'>ἱ</span> 
     </span>
     <span class='ocr_line' id='line_1_27' title="bbox 168 3383 1180 3457; baseline -0.001 -21"><span class='ocrx_word' id='word_1_199' title='bbox 168 3383 173 3390; x_wconf 82' lang='lat'>&#39;</span> <span class='ocrx_word' id='word_1_200' title='bbox 213 3385 257 3454; x_wconf 89' lang='lat'><strong>(1)</strong></span> <span class='ocrx_word' id='word_1_201' title='bbox 279 3388 441 3456; x_wconf 86' lang='lat' dir='ltr'><strong>Pergamum</strong></span> <span class='ocrx_word' id='word_1_202' title='bbox 455 3385 566 3457; x_wconf 86' lang='lat' dir='ltr'><strong>quidem</strong></span> <span class='ocrx_word' id='word_1_203' title='bbox 582 3386 682 3454; x_wconf 83' lang='lat' dir='ltr'><strong>Pyrrhi</strong></span> <span class='ocrx_word' id='word_1_204' title='bbox 699 3400 724 3439; x_wconf 92' lang='lat' dir='ltr'><strong>et</strong></span> <span class='ocrx_word' id='word_1_205' title='bbox 737 3387 942 3440; x_wconf 81' lang='lat' dir='ltr'><strong>Andromachae</strong></span> <span class='ocrx_word' id='word_1_206' title='bbox 959 3397 1024 3437; x_wconf 88' lang='lat' dir='ltr'><strong>natu</strong></span> <span class='ocrx_word' id='word_1_207' title='bbox 1036 3384 1180 3439; x_wconf 87' lang='lat' dir='ltr'><strong>minimum</strong></span> 
     </span>
     <span class='ocr_line' id='line_1_28' title="bbox 171 3469 1180 3539; baseline 0 -19"><span class='ocrx_word' id='word_1_208' title='bbox 171 3470 209 3520; x_wconf 85' lang='lat' dir='ltr'><strong>ait</strong></span> <span class='ocrx_word' id='word_1_209' title='bbox 227 3470 374 3523; x_wconf 78' lang='lat' dir='ltr'><strong>Pausanias</strong></span> <span class='ocrx_word' id='word_1_210' title='bbox 394 3473 478 3523; x_wconf 76' lang='lat' dir='ltr'><strong>Arne.</strong></span> <span class='ocrx_word' id='word_1_211' title='bbox 498 3487 543 3523; x_wconf 71' lang='grc' dir='ltr'><strong>Χῖ.</strong></span> <span class='ocrx_word' id='word_1_212' title='bbox 564 3472 700 3524; x_wconf 85' lang='lat' dir='ltr'><strong>traiecisse</strong></span> <span class='ocrx_word' id='word_1_213' title='bbox 728 3491 790 3523; x_wconf 90' lang='lat' dir='ltr'><strong>cum</strong></span> <span class='ocrx_word' id='word_1_214' title='bbox 814 3486 900 3524; x_wconf 88' lang='lat' dir='ltr'><strong>matre</strong></span> <span class='ocrx_word' id='word_1_215' title='bbox 923 3472 951 3523; x_wconf 90' lang='lat' dir='ltr'><strong>in</strong></span> <span class='ocrx_word' id='word_1_216' title='bbox 972 3470 1067 3523; x_wconf 87' lang='lat' dir='ltr'><strong>Asiam</strong></span> <span class='ocrx_word' id='word_1_217' title='bbox 1090 3469 1180 3539; x_wconf 81' lang='lat' dir='ltr'><strong>ibique</strong></span> 
     </span>
     <span class='ocr_line' id='line_1_29' title="bbox 170 3556 762 3626; baseline 0.002 -22"><span class='ocrx_word' id='word_1_218' title='bbox 170 3556 242 3607; x_wconf 88' lang='lat' dir='ltr'><strong>urbis</strong></span> <span class='ocrx_word' id='word_1_219' title='bbox 258 3556 309 3607; x_wconf 89' lang='lat' dir='ltr'><strong>sibi</strong></span> <span class='ocrx_word' id='word_1_220' title='bbox 322 3558 490 3626; x_wconf 86' lang='lat' dir='ltr'><strong>cognominis</strong></span> <span class='ocrx_word' id='word_1_221' title='bbox 507 3575 620 3624; x_wconf 84' lang='lat' dir='ltr'><strong>regnum</strong></span> <span class='ocrx_word' id='word_1_222' title='bbox 635 3557 762 3608; x_wconf 84' lang='lat' dir='ltr'><strong>tenuisse.</strong></span> 
     </span>
    </p>

    <p class='ocr_par' dir='ltr' id='par_1_11' title="bbox 161 3635 1188 4056">
     <span class='ocr_line' id='line_1_30' title="bbox 213 3635 1188 3717; baseline 0.001 -27"><span class='ocrx_word' id='word_1_223' title='bbox 213 3635 259 3712; x_wconf 78' lang='lat' dir='ltr'><strong>(t)</strong></span> <span class='ocrx_word' id='word_1_224' title='bbox 284 3642 459 3694; x_wconf 80' lang='lat' dir='ltr'><strong>scribendum</strong></span> <span class='ocrx_word' id='word_1_225' title='bbox 481 3643 600 3712; x_wconf 89' lang='lat' dir='ltr'><strong>suspicor</strong></span> <span class='ocrx_word' id='word_1_226' title='bbox 629 3642 787 3714; x_wconf 82' lang='lat' dir='ltr'><strong>Tlmrypus.</strong></span> <span class='ocrx_word' id='word_1_227' title='bbox 819 3641 856 3692; x_wconf 89' lang='lat' dir='ltr'><strong>Et</strong></span> <span class='ocrx_word' id='word_1_228' title='bbox 881 3638 992 3710; x_wconf 86' lang='lat' dir='ltr'><strong>quidem</strong></span> <span class='ocrx_word' id='word_1_229' title='bbox 1016 3637 1068 3691; x_wconf 88' lang='lat' dir='ltr'><strong>lroc</strong></span> <span class='ocrx_word' id='word_1_230' title='bbox 1082 3658 1188 3717; x_wconf 34' lang='lat' dir='ltr'><strong>nomen!</strong></span> 
     </span>
     <span class='ocr_line' id='line_1_31' title="bbox 166 3722 1180 3799; baseline 0.001 -23"><span class='ocrx_word' id='word_1_231' title='bbox 166 3743 330 3794; x_wconf 80' lang='lat' dir='ltr'><strong>magnopere</strong></span> <span class='ocrx_word' id='word_1_232' title='bbox 346 3728 431 3779; x_wconf 86' lang='lat' dir='ltr'><strong>variat</strong></span> <span class='ocrx_word' id='word_1_233' title='bbox 451 3727 611 3799; x_wconf 81' lang='lat' dir='ltr'><strong>Tharypus,</strong></span> <span class='ocrx_word' id='word_1_234' title='bbox 638 3726 822 3799; x_wconf 72' lang='lat' dir='ltr'><strong>Tlrnrymhas,</strong></span> <span class='ocrx_word' id='word_1_235' title='bbox 843 3725 1011 3795; x_wconf 72' lang='lat' dir='ltr'><strong>Thamyras,</strong></span> <span class='ocrx_word' id='word_1_236' title='bbox 1039 3722 1180 3798; x_wconf 74' lang='lat' dir='ltr'><strong>Tharyps,</strong></span> 
     </span>
     <span class='ocr_line' id='line_1_32' title="bbox 168 3808 1181 3883; baseline 0 -21"><span class='ocrx_word' id='word_1_237' title='bbox 168 3808 319 3883; x_wconf 81' lang='lat' dir='ltr'><strong>Arymhas.</strong></span> <span class='ocrx_word' id='word_1_238' title='bbox 341 3813 410 3865; x_wconf 89' lang='lat' dir='ltr'><strong>Vide</strong></span> <span class='ocrx_word' id='word_1_239' title='bbox 425 3813 598 3867; x_wconf 85' lang='lat' dir='ltr'><strong>Reineccium</strong></span> <span class='ocrx_word' id='word_1_240' title='bbox 614 3833 640 3883; x_wconf 91' lang='lat' dir='ltr'><strong>p.</strong></span> <span class='ocrx_word' id='word_1_241' title='bbox 662 3809 826 3865; x_wconf 61' lang='lat'>549—2550.</span> <span class='ocrx_word' id='word_1_242' title='bbox 857 3813 940 3862; x_wconf 88' lang='lat' dir='ltr'><strong>Porro</strong></span> <span class='ocrx_word' id='word_1_243' title='bbox 957 3810 986 3861; x_wconf 90' lang='lat' dir='ltr'><strong>in</strong></span> <span class='ocrx_word' id='word_1_244' title='bbox 1002 3810 1054 3863; x_wconf 83' lang='lat' dir='ltr'><strong>hoc</strong></span> <span class='ocrx_word' id='word_1_245' title='bbox 1074 3813 1105 3863; x_wconf 84' lang='grc' dir='ltr'><strong>Ἰ·</strong></span> <span class='ocrx_word' id='word_1_246' title='bbox 1122 3812 1181 3862; x_wconf 89' lang='lat' dir='ltr'><strong>Va-</strong></span> 
     </span>
     <span class='ocr_line' id='line_1_33' title="bbox 163 3891 1179 3971; baseline -0.002 -25"><span class='ocrx_word' id='word_1_247' title='bbox 163 3897 229 3948; x_wconf 78' lang='lat' dir='ltr'><strong>lorii</strong></span> <span class='ocrx_word' id='word_1_248' title='bbox 258 3898 378 3967; x_wconf 79' lang='lat' dir='ltr'><strong>catalogo</strong></span> <span class='ocrx_word' id='word_1_249' title='bbox 403 3918 419 3950; x_wconf 88' lang='lat' dir='ltr'><strong>a</strong></span> <span class='ocrx_word' id='word_1_250' title='bbox 445 3899 569 3967; x_wconf 88' lang='lat' dir='ltr'><strong>Charopo</strong></span> <span class='ocrx_word' id='word_1_251' title='bbox 595 3891 663 3971; x_wconf 85' lang='lat' dir='ltr'><strong>(seu</strong></span> <span class='ocrx_word' id='word_1_252' title='bbox 682 3892 833 3971; x_wconf 70' lang='lat' dir='ltr'><strong>Tharypo)</strong></span> <span class='ocrx_word' id='word_1_253' title='bbox 861 3897 895 3948; x_wconf 94' lang='lat' dir='ltr'><strong>ad</strong></span> <span class='ocrx_word' id='word_1_254' title='bbox 914 3896 1048 3962; x_wconf 76' lang='lat' dir='ltr'><strong>Pyrrhum</strong></span> <span class='ocrx_word' id='word_1_255' title='bbox 1064 3896 1179 3949; x_wconf 85' lang='lat' dir='ltr'><strong>Achillis</strong></span> 
     </span>
     <span class='ocr_line' id='line_1_34' title="bbox 161 3980 1179 4056; baseline -0.005 -19"><span class='ocrx_word' id='word_1_256' title='bbox 161 3984 253 4037; x_wconf 80' lang='lat' dir='ltr'><strong>titium</strong></span> <span class='ocrx_word' id='word_1_257' title='bbox 274 3983 427 4056; x_wconf 87' lang='lat' dir='ltr'><strong>quindecim</strong></span> <span class='ocrx_word' id='word_1_258' title='bbox 448 3997 624 4049; x_wconf 64' lang='lat' dir='ltr'><strong>numerantur</strong></span> <span class='ocrx_word' id='word_1_259' title='bbox 641 4002 732 4054; x_wconf 78' lang='lat' dir='ltr'><strong>reges,</strong></span> <span class='ocrx_word' id='word_1_260' title='bbox 754 3985 797 4037; x_wconf 88' lang='lat' dir='ltr'><strong>cui</strong></span> <span class='ocrx_word' id='word_1_261' title='bbox 814 3983 852 4047; x_wconf 78' lang='lat' dir='ltr'><strong>rei</strong></span> <span class='ocrx_word' id='word_1_262' title='bbox 868 3980 980 4034; x_wconf 78' lang='lat' dir='ltr'><strong>mirifice</strong></span> <span class='ocrx_word' id='word_1_263' title='bbox 1000 3980 1179 4052; x_wconf 81' lang='lat' dir='ltr'><strong>adstipulatur</strong></span> 
     </span>
    </p>
   </div>
   <div class='ocr_carea' id='block_1_8' title="bbox 0 0 1392 4934">
    <p class='ocr_par' dir='ltr' id='par_1_12' title="bbox 0 0 1392 4934">
     <span class='ocr_line' id='line_1_35' title="bbox 0 0 1392 4934; baseline 0 9"><span class='ocrx_word' id='word_1_264' title='bbox 0 0 1392 4934; x_wconf 95' lang='lat' dir='ltr'><strong> </strong></span> 
     </span>
    </p>
   </div>
  </div>
 </body>
</html>
