2776 4934
344 451 385 511 68
699 442 997 597 lrlttapamvra

342 618 479 689 incitos
511 616 738 689 interfecerit
779 615 862 714 (die
893 642 1000 690 sacro*
1027 617 1128 714 quod
1149 617 1190 670 (ι)
1221 645 1296 717 pro
1319 619 1357 674 ‘⁸³

341 740 478 814 Libero
505 741 713 814 Castoribus
738 740 899 836 fecerat)
925 740 1044 839 quib>
1070 746 1180 840 epulo
1206 744 1358 818 accubo·

341 867 407 939 bat
438 891 509 938 una
541 864 812 939 blanditoribus
837 870 940 968 regis.
992 874 1093 946 Tum
1123 882 1234 964 supra
1260 871 1358 967 ipsos

333 990 573 1066 fortitudinis
606 996 704 1063 Deos
721 989 762 1042 (ὅ)
797 992 938 1063 laudari
977 993 1023 1065 ab
1062 992 1360 1068 adsentatoribos

345 1137 513 1214 coeptus,
540 1116 638 1213 patri
663 1138 809 1213 quoque
833 1141 872 1189 ae
896 1117 1069 1281 Philippo
1095 1116 1279 1193 anteferri
1303 1119 1360 1194 de·

343 1243 557 1315 lectabatur.

172 1391 333 1446 crisimon
418 1373 509 1440 XCI.
549 1370 749 1441 Enimvero
775 1369 892 1442 Clitus
914 1367 970 1439 uti
994 1365 1248 1441 Alexandrum
1272 1372 1359 1446 ami·

345 1517 432 1565 cum
463 1493 668 1566 restitueret
697 1494 736 1565 iu
770 1495 887 1577 viam,
927 1517 1047 1590 neque
1079 1494 1358 1572 concederetei

344 1620 479 1690 malam
503 1645 653 1691 morum
675 1618 928 1717 adrogantiam
946 1620 1165 1703 coalescere,
1192 1621 1259 1692 cui
1283 1648 1381 1700 mo.

345 1743 460 1815 destia
485 1762 523 1815 et
546 1743 763 1816 verecundia
785 1746 867 1838 plus
893 1744 1009 1816 laudis
1034 1742 1209 1831 adferret,
1239 1750 1355 1823 amico

344 1868 458 1950 liber,
484 1868 704 1965 religiosus
694 1891 733 1934 111
755 1868 988 1963 Philippum
1015 1875 1111 1938 Eum
1130 1894 1222 1944 vero
1242 1899 1285 1947 oe
1304 1900 1356 1946 an·

344 1991 479 2063 teferra
499 1988 706 2099 respondit,
733 1990 797 2085 qui
822 1991 889 2063 hos
913 1991 1042 2063 fecerit
1063 2018 1148 2065 suos
1169 1996 1294 2070 animi
1310 2000 1354 2071 vi·

346 2098 469 2187 ribus
478 2115 717 2210 corporisque
740 2107 777 2165 (Β)
810 2140 896 2186 cum
934 2116 1065 2212 quibus
1096 2118 1253 2206 vicerit,
1287 2146 1352 2197 non

317 2250 320 2260 '
347 2267 433 2312 eum
451 2241 488 2292 (⁶)
514 2239 579 2337 qui
603 2237 736 2310 talibus
762 2239 926 2338 gaudeat.
977 2249 1077 2338 Quae
1103 2241 1169 2318 ubi
1194 2246 1350 2330 ultrffl’,

345 2392 413 2439 nec
438 2365 552 2462 pudet
576 2391 699 2465 regem
723 2365 812 2438 vino
839 2366 1042 2451 calentem,
1072 2367 1160 2441 Cliti
1169 2365 1214 2421 ‘⁴¹’
1237 2371 1347 2447 vetbit

345 2492 468 2591 gladio
494 2491 743 2587 respondetur.
793 2491 863 2563 Sed
895 2491 996 2561 enim
1019 2515 1109 2567 mox
1136 2494 1177 2563 in
1205 2494 1248 2568 id
1269 2496 1345 2569 reci·

344 2614 399 2688 dit
423 2616 689 2712 paenitudinis,
721 2634 764 2688 ut
788 2642 873 2688 eum
897 2618 995 2689 vitae
1019 2619 1159 2717 pigeret
1184 2604 1353 2697 adeodr'

342 2741 447 2839 pigre
476 2742 770 2837 intemperantis:
805 2743 845 2812 ni
878 2743 989 2814 amici
1016 2745 1131 2843 magis
1163 2742 1207 2814 id
1237 2744 1340 2821 ofin·

344 2892 403 2937 sae
427 2868 498 2938 Dei
522 2867 664 2949 Liberi,
693 2893 803 2962 quam
829 2867 906 2936 eius
931 2866 1097 2940 moribus
1118 2868 1272 2956 darentt
1297 2866 1338 2969 qu·

342 2993 395 3066 sic
423 2989 676 3088 posthabitum
702 2989 881 3061 sollemne
898 2987 936 3038 (⁶)
965 3012 1073 3059 suurn
1098 2991 1198 3060 ultus
1228 2994 1338 3071 fura

367 3237 407 3289 (θ)
424 3230 486 3279 0⁰³·
498 3239 606 3290 “4¹⁴2‘-
631 3219 738 3276 (ΜΦ
748 3220 946 3288 corporibusque.
972 3227 1079 3284 (occo.
1091 3224 1218 3281 11111111ιί1.
1244 3230 1339 3293 (affl

343 3308 410 3357 dati.
437 3308 474 3360 (a)
490 3301 554 3349 cod.
571 3310 628 3360 post
647 3294 740 3344 obitum
759 3297 912 3351 sollemni,

386 3492 432 3564 (1)
454 3494 558 3560 Nempe
579 3490 696 3543 convivii
716 3488 787 3563 quod
804 3488 848 3542 dia
866 3507 942 3543 sacro
962 3502 1011 3544 etc.

389 3578 435 3646 (2)
457 3576 561 3631 Addidi
580 3593 640 3648 pro.
661 3575 712 3629 Ait
734 3576 808 3628 enim
822 3577 951 3631 Arrianus
971 3590 1015 3631 nt·
1032 3581 1057 3629 8.
1088 3575 1146 3635 Τὸν
1167 3580 1196 3636 di
1218 3588 1275 3645 τοῦ
1294 3586 1340 3649 k

345 3749 421 3803 11111111
443 3761 498 3800 tum
519 3747 662 3818 temporis,
680 3746 805 3820 neglecto
825 3746 948 3816 Baccho,
969 3746 1106 3803 Dinaeam
1123 3767 1232 3806 1111111111

389 3830 433 3901 (ὃ)
454 3835 559 3903 Nempe
578 3831 701 3885 Castores
724 3846 752 3885 et
770 3831 926 3899 Herculem,
948 3845 979 3887 ut
998 3835 1035 3887 ait
1052 3833 1184 3889 memus
1200 3852 1249 3894 tv.
1266 3846 1306 3895 8.·

389 3916 434 3987 (4)
456 3917 525 3969 Mira
548 3917 686 3971 scribentis
708 3917 845 3973 brevitati
867 3917 1021 3973 Dicendum
1037 3920 1112 3978 On'm
1134 3933 1192 3975 ml
1214 3940 1300 3997 qm.
1382 3941 1385 3975 1

343 3999 418 4054 altra
440 4003 547 4054 modum
567 4004 682 4074 oggerit.
