2776 4934
29 1720 106 1775 Darii
125 1720 194 1773 deli·

30 1806 192 1867 berationee„

209 410 271 466 nor
503 395 771 464 aunam!
791 392 930 463 Acras

209 573 459 669 „snpplicet‘n‚
483 594 562 645 non
586 567 761 667 improbo
788 570 852 643 vel
875 592 1001 645 aerum
1023 568 1234 675 poeniten·

210 700 271 784 ,di
296 699 506 776 nomiliam.
550 694 621 769 Sed
645 694 748 771 enim
787 698 918 795 utique
949 722 1016 771 vos
1055 694 1233 790 exempla

207 823 414 911 ,ducebant
435 821 591 919 perinde
612 847 715 895 arma
738 840 865 897 nostra
879 841 923 895 ut
944 822 1063 896 Xerxi
1086 821 1234 917 persica

208 974 338 1046 ,posse
361 950 547 1045 propelli...
569 954 632 1022 Sat
654 949 769 1049 igitur
790 952 843 1021 sit
870 948 962 1045 quid
986 947 1036 1019 de
1069 963 1234 1042 utroque

208 1074 418 1161 ,diversum
441 1072 612 1148 fortunae
636 1073 858 1147 senseritis«.
891 1081 1057 1145 Etcum
1076 1072 1144 1145 his
1160 1070 1233 1143 dio·

207 1201 256 1273 tir
280 1199 456 1274 facessere
477 1201 646 1300 protinus
669 1199 832 1272 militem
856 1224 967 1272 auom
1004 1196 1058 1271 ab
1095 1222 1233 1298 expug-

206 1327 357 1400 natione
379 1326 481 1398 urbis
513 1324 799 1398 Lacedaemonis
831 1323 959 1407 iubet,-
988 1323 1230 1423 liberamque

206 1477 289 1525 eam
314 1469 351 1525 et
375 1451 423 1523 od
446 1451 610 1526 formam
632 1452 811 1550 pristinae
843 1450 1051 1524 maiestefia
1083 1449 1226 1525 civito

205 1576 333 1649 haberi
356 1577 550 1673 permittit.

279 1707 441 1785 xxvffl.
476 1710 581 1775 Tunc
605 1700 713 1776 rebus
738 1702 908 1776 Graeciae
928 1700 985 1775 sic
1005 1698 1219 1797 conpositis,

203 1829 258 1902 ire
281 1830 321 1898 in
349 1827 522 1907 barbaros
546 1828 669 1900 tendit
698 1830 832 1900 itinere
862 1852 929 1923 per
962 1827 1145 1899 Ciliciam
1172 1848 1222 1899 or·

202 1954 340 2026 dinato.
372 1963 422 2026 At
443 1964 537 2025 “vero
561 1952 694 2026 Darius
720 1954 909 2026 conductis
939 1953 982 2023 in
1017 1978 1145 2027 unum
1173 1976 1219 2025 sa·

133 2106 138 2115 ’
201 2079 366 2174 trapibus
392 2079 573 2153 univers-ie
603 2096 643 2152 et
679 2077 835 2151 ducibus
869 2077 1041 2151 bellandi
1072 2078 1217 2155 consilia

202 2202 398 2299 quaerebat
428 2203 642 2298 frequenter
672 2202 876 2277 admodum
908 2204 1083 2279 recolens
1111 2222 1151 2277 ut
1176 2226 1216 2273 se

200 2326 329 2423 opinio
353 2352 463 2421 super
487 2327 695 2402 Alexandro
728 2328 903 2407 tunnam
927 2327 1045 2403 foret.
1077 2328 1215 2429 Quippe

200 2455 312 2527 illum
336 2453 574 2527 incrementis
597 2453 753 2529 benun
783 2455 850 2527 reix
867 2450 1046 2530 audiebat
1069 2454 1215 2533 cottidie

196 2795 250 2867 iper
273 2790 377 2864 νικήσας
398 2796 538 2864 ναυμαχίᾳ
558 2790 795 2864 Λακεδαιμονίους,
826 2796 871 2848 καὶ
892 2798 1017 2861 τειχίσας
1037 2792 1090 2853 alr
1109 2798 1213 2875 Hesperi

197 2882 241 2937 nal
259 2874 408 2953 ἑκατέμβην
422 2876 520 2943 θύσας,
541 2874 638 2944 πάντας
657 2876 782 2936 εἱστίασεν
797 2878 962 2952 Ἀθηναίους.
997 2880 1136 2955 Magnas
1155 2880 1214 2937 Ato-

195 2965 305 3019 neander
327 2984 407 3037 quum
421 2962 649 3023 Lacedaemonios
670 2962 767 3023 noodr·
787 2964 895 3033 proelio
909 2966 1041 3033 vicisset,
1069 2982 1103 3023 et
1127 2966 1213 3023 Pnu-

195 3070 255 3103 enm
271 3068 345 3103 moro
361 3052 500 3115 cinxisset,
522 3048 744 3120 decotomderupue
760 3048 933 3116 immolasset,
956 3068 1053 3106 omnes
1068 3052 1212 3107 Atlteaiea·

192 3155 236 3189 ras
265 3134 386 3188 convivio
421 3135 539 3205 excepit.
588 3137 759 3206 Quamquam
788 3136 871 3189 etiam
896 3134 993 3191 Suidaa
1021 3138 1210 3195 Alexandr-oa

194 3219 375 3290 triumphasse
400 3217 433 3268 de
451 3218 744 3284 Lacedaemoniun,
762 3232 857 3274 tanen
878 3222 996 3277 arbitror
1022 3224 1058 3277 Ἰ·
1076 3224 1206 3281 Valeria

191 3304 332 3375 Antipatri
347 3302 438 3373 potius
455 3302 596 3378 victoriam
611 3306 645 3359 de
660 3306 881 3367 Lacedaemoniis
900 3307 1026 3361 conferre
1046 3310 1207 3365 etudioae'a

191 3387 393 3452 Alexandrum,
416 3406 579 3462 quamquam
605 3390 650 3443 hie
673 3409 705 3442 eo
726 3404 847 3462 tempore
867 3392 984 3446 asiaticis
1008 3392 1097 3449 bellis
1125 3394 1211 3485 procul

191 3472 304 3529 Graecia
331 3486 514 3545 occuparetur.
550 3476 655 3548 Reapse
673 3476 831 3531 Alexander
847 3479 919 3535 visua
939 3490 979 3531 ert
1003 3480 1065 3533 aios
1084 3480 1212 3539 victorie

191 3555 306 3630 gloriam
321 3558 467 3631 Antipatro
485 3560 633 3615 invidere:
662 3579 744 3635 quaro
767 3562 913 3635 Antipater
932 3564 978 3617 oui
996 3564 1121 3636 spiritus
1144 3568 1207 3639 regie

190 3645 274 3716 probe
291 3659 371 3699 notus
388 3661 462 3712 erat,
489 3660 521 3700 ut
535 3646 625 3720 inquit
640 3647 749 3701 Curtius
767 3663 810 3701 vr.
826 3657 850 3701 1.
888 3650 973 3704 ‚Non
990 3662 1034 3705 eet
1049 3668 1142 3709 anans
1156 3654 1209 3727 ipo

189 3742 290 3801 ‚agere
314 3731 424 3785 arbitria
446 3732 592 3796 victoriae,
621 3734 669 3786 sed
690 3733 836 3789 eoncilium
858 3734 1027 3791 Graeoorum
1051 3738 1127 3809 quid
1151 3735 1205 3793 fieti

190 3844 204 3869 ι
211 3817 328 3887 placeret
346 3818 490 3872 consuluit.
522 3817 549 3872 A
563 3836 618 3891 quo
632 3818 857 3885 Lacedaemonii,
879 3820 950 3873 nihil
970 3819 1050 3879 aliud
1075 3842 1161 3897 quau
1176 3834 1205 3877 nt

188 3914 328 3956 »oratores
351 3901 459 3956 mittere
477 3903 512 3957 ad
533 3920 625 3975 regem
646 3903 741 3956 lieeret
759 3905 878 3978 precati,
906 3903 1018 3963 veniam
1042 3908 1205 3967 defentionis

188 4000 316 4064 epraeter
333 4000 456 4043 euetorea
471 3990 716 4062 impetraverant«.
