2776 4934
274 216 292 253 U

204 443 207 447 ,
321 386 360 450 24
523 405 526 414 ·
680 380 977 449 lrtnnuamvtt
1080 393 1084 401 '

301 571 378 657 ,ms
410 553 526 626 a‘e‘rios
552 554 812 650 praescientiae
838 551 909 626 fide
942 569 1083 648 peteret
1107 569 1151 622 nt
1177 524 1339 623 declina·

253 703 269 720 ⁸
298 658 399 762 ¹ret3
427 706 492 752 cur
510 708 577 780 ego
594 677 634 730 (⁰)
658 678 731 750 tibi
755 703 834 749 rem
853 695 998 751 nostrae
1018 678 1144 748 salutis
1167 676 1340 776 adgresso

321 834 398 880 non
431 826 473 878 ut
506 834 550 878 ex
582 806 679 878 bona
712 801 861 874 flamma
884 803 1066 876 virtutum
1096 805 1191 874 hanc
1216 800 1339 874 facem

322 930 555 1032 praeferam?
590 931 766 1028 quoniam
797 945 975 1024 quantum
1006 930 1157 1028 ingenio
1194 928 1339 1011 minor,

323 1077 470 1130 tautum
501 1061 573 1130 hoc
598 1074 687 1128 voto
713 1062 878 1128 Varrone
911 1081 994 1126 sum
1018 1033 1161 1151 potior.
1200 1054 1257 1159 uti
1279 1053 1341 1124 vel

325 1184 429 1266 inde,
464 1203 686 1281 quamquam
716 1181 881 1277 corporis
912 1177 1024 1263 liber,
1064 1181 1179 1251 animi
1212 1196 1342 1252 tamen

225 1370 228 1375 .
326 1308 432 1382 vobis
458 1311 619 1381 militem
645 1307 797 1380 viribus
1015 1294 1055 1329 ⁰
1285 1306 1287 1312 ’

190 1490 314 1549 luctari.
402 1439 479 1510 Vll.
512 1433 630 1507 Modo
656 1432 849 1505 indicio
821 1459 893 1504 s1m
922 1455 1032 1528 quam
1058 1434 1116 1505 illi
1140 1433 1241 1504 viam
1267 1429 1344 1503 for·

106 1570 111 1585 '
151 1575 294 1634 modestia.
326 1561 481 1636 titudini
503 1559 716 1643 straverint,
742 1583 835 1656 quae
859 1558 931 1630 tibi
953 1584 1050 1631 nuno
1075 1583 1144 1655 pro
1162 1554 1346 1630 ¹omnium

328 1690 444 1783 salute
468 1686 647 1783 carpenda
681 1695 745 1758 est'.
797 1693 925 1781 Neque
955 1684 1056 1755 enim
1088 1709 1154 1781 ego
1186 1682 1247 1753 hio
1272 1683 1347 1754 ele·

305 1799 308 1803 ,
328 1814 490 1914 gantiam
516 1814 696 1882 seimonis
714 1810 872 1891 affecto,
900 1835 961 1879 cur
949 1810 1024 1879 de
1040 1809 1240 1883 commodo
1255 1807 1347 1882 ustis

329 1935 444 2031 ipsius
467 1931 672 2002 laboratur:
700 1957 786 2002 cum
812 1932 861 2002 sit
886 1933 1043 2004 felicitas
1068 1933 1188 2005 maior
1193 1905 1317 2003 tali
1304 1959 1348 2004 rn

331 2082 442 2154 opere
466 2056 636 2127 versanti
650 2058 807 2153 praeisse
832 2057 933 2152 quod
956 2060 1089 2154 prosit,
1124 2083 1234 2154 quam
1260 2084 1351 2146 con·¹

334 2183 496 2282 posuisse
530 2181 630 2277 quod
655 2183 814 2278 placeat:
859 2203 902 2253 ut
926 2209 998 2279 quo
1030 2184 1208 2285 segnitior
1232 2183 1351 2256 fuerit

336 2308 428 2381 dicti
457 2307 693 2403 simplicitas,
726 2310 799 2381 hoo
832 2326 868 2379 et
899 2307 986 2381 fidei
1018 2311 1100 2406 plus
1133 2326 1172 2381 et
1195 2310 1350 2382 luminis

227 2521 229 2527 Ι
336 2424 470 2507 habeat
499 2433 691 2506 enarratio.
745 2435 889 2531 Quippe
932 2437 1107 2531 quoniam
1139 2435 1180 2506 in
1207 2435 1351 2539 *talibus

337 2562 469 2632 veritas
495 2560 658 2655 palmam
691 2560 855 2656 rapuerit
879 2561 1128 2656 eloquentiae:
1166 2585 1258 2656 quae
1284 2559 1353 2634 ubi

339 2704 418 2781 arte
442 2687 664 2784 protegitur,
696 2686 854 2781 scriptor
884 2712 951 2782 pro
987 2706 1136 2760 auctore
1168 2687 1353 2762 laudatur.

194 2852 329 2912 comt„
414 2815 510 2886 VIII.
552 2811 622 2884 Sed
663 2812 762 2884 mihi
798 2815 860 2885 hic
902 2831 939 2885 et
976 2811 1149 2886 materiae
1187 2816 1355 2910 parilitas

166 2936 198 2987 tii
219 2959 329 3015 compa·
314 2933 475 3009 -blanda
508 2955 563 3008 est
592 2954 631 3008 et
662 2939 882 3037 germanitas
914 2938 993 3045 spei
1024 2937 1070 3006 de
1101 2954 1138 3006 te
1170 2940 1355 3032 scripturo

142 3162 147 3173 Ι
167 3024 268 3166 'Tassssil’m
267 3048 487 3169 2¹¹⁸}potiora
512 3080 592 3131 tum
610 3062 806 3133 Alexandri
831 3060 958 3160 gloriis
981 3078 1064 3131 tum
1083 3058 1246 3144 Traiani,
1275 3064 1358 3155 qui-

170 3212 232 3249 cum
265 3201 332 3254 Ale-
343 3187 496 3260 buscum
531 3183 602 3255 tibi
633 3208 720 3256 sane
756 3209 955 3259 commune
992 3204 1046 3258 est
1075 3184 1226 3256 fatalem
1259 3187 1358 3259 hanc

119 3294 131 3321 ⁸
171 3283 242 3335 xand
243 3302 283 3336 ‘⁰'
344 3312 436 3387 belli
461 3313 597 3383 lineam
614 3312 786 3412 'tangerer
815 3312 991 3407 quoniam
1012 3330 1107 3384 aetas
1134 3336 1279 3408 quoque
1305 3314 1359 3384 al·

305 3414 310 3425 ¹
346 3439 459 3508 terius
474 3461 570 3508 nunc
588 3462 697 3533 penes
711 3433 747 3488 (ὅ)
771 3456 810 3510 ta
834 3454 889 3509 est
904 3436 959 3521 (¹),
984 3436 1132 3512 alterius
1156 3463 1244 3512 vero
1269 3465 1359 3511 con·

348 3563 476 3634 silium
503 3588 576 3659 quo
602 3564 717 3634 vincis
743 3581 910 3636 aetatem.

375 3745 416 3793 (a)
431 3743 493 3787 Cod.
509 3757 579 3805 argo.
603 3743 640 3798 (b)
658 3747 721 3793 cod.
738 3720 844 3804 poenes,
860 3754 887 3794 ot
900 3745 1024 3807 deincep·
1040 3761 1125 3810 pones.

348 3824 1367 3855 ---......-....-...,.-.—...-........-

393 3875 439 3946 (1)
459 3878 543 3929 Natus
563 3892 603 3931 est
623 3880 795 3933 Constantius
813 3897 883 3933 anno
899 3891 961 3948 post
978 3881 1027 3932 Ch.
1043 3900 1070 3932 n.
1085 3896 1216 3937 ecoxvrr.
1237 3882 1361 3934 Alexan-

352 3961 400 4015 der
421 3962 489 4016 vixit
513 3981 597 4017 annor
618 3979 721 4019 xxxrt·
744 3964 778 4017 de
798 3964 948 4020 Aristobuli
969 3965 1101 4020 tentantia
1126 3968 1198 4038 apud
1212 3966 1361 4020 Attianum
