2776 4934
179 413 219 474 78
483 429 486 437 ⁴
533 410 830 478 lrlrtnltanlvn
936 358 941 367 ·

178 607 250 679 que
273 579 476 655 Alexander
499 606 580 655 crus
605 582 735 683 sogitta
759 583 981 657 vulneratur.
1014 583 1106 656 'Sed
1132 584 1192 658 die

179 724 306 803 quarta
332 706 422 779 belli
444 706 484 777 in
510 726 621 803 opere
645 731 733 802 prae
749 732 862 784 ‚muro
881 707 1081 782 interfecto
1106 736 1193 811 rege

113 893 116 897 .
177 859 216 906 se
243 832 390 904 dedunt.
440 831 561 928 quue·
577 832 783 907 Alexandro
816 834 959 938 volenti
989 833 1202 908 admodum.

178 958 269 1042 fuit,
294 977 339 1029 ut
362 957 570 1030 conmilitio
596 956 817 1030 accederent.
867 957 936 1029 Sed
951 958 1032 1033 -ubi
1055 960 1196 1058 produ·

180 1087 232 1156 cti
256 1082 366 1154 fidem
391 1084 711 1168 mutant,·.vallati
736 1083 946 1155 caeduntur.
1016 1122 1019 1128 ·
1049 1123 1053 1129 ·

34 1255 168 1326 Bazipha-
256 1215 360 1281 CVII.
385 1207 483 1278 Hinc
500 1215 671 1280 Coenona
694 1207 825 1280 ducem
849 1208 968 1289 mittit
989 1209 1195 1307 Baaiphara

4 1359 34 1394 ta
55 1354 83 1393 et
94 1344 169 1395 Hora
181 1335 367 1417 obsidere,
399 1333 640 1427 Attalumque
670 1328 771 1404 Hora
795 1333 943 1416 urbem,
975 1351 1075 1407 ratus
1109 1354 1196 1409 casu

4 1426 85 1584 ἔξω
123 1445 358 1537 ⁰³‘Accaru1n
394 1483 454 1530 eas
487 1458 534 1529 ad
567 1458 786 1555 obsequium
820 1457 974 1530 ductum
1004 1459 1073 1537 iri
1124 1460 1196 1534 Sed

180 1589 238 1658 his
271 1588 356 1657 loco
378 1584 518 1682 magis·
531 1609 641 1678 quam
667 1585 835 1680 exemplo
865 1581 1088 1669 fidentibus„
1118 1586 1195 1681 ipse
1231 1640 1233 1653 .

180 1730 374 1806 utramque
407 1708 557 1795 urbem,
598 1711 765 1807 quamvis
796 1709 940 1808 inpigre
971 1706 1193 1795 obluctans.

180 1839 378 1933 Baziphara
400 1837 477 1908 sive
493 1843 635 1910 Horam
649 1839 689 1888 (α)
714 1835 818 1906 nullo
840 1834 1192 1934 negotiotransiens

181 1961 298 2054 capit:
316 2008 319 2013 -
340 1983 564 2054 quamquam
603 1959 825 2054 Bazipharae
864 1960 938 2031 viri
976 1975 1190 2057 contemptu

180 2109 383 2185 paucorum
403 2079 563 2156 advenas
588 2086 790 2155 irruissent.
835 2083 909 2156 Ubi
934 2102 1060 2157 tamen
1084 2086 1192 2183 ploti·

183 2235 255 2308 que
280 2208 458 2292 cecidere,
496 2210 650 2306 quisque
675 2225 836 2281 evaserat
860 2227 1004 2305 petram
1027 2213 1194 2287 munitis·

184 2335 317 2406 simam
342 2331 542 2405 confluunt.
1047 2354 1049 2359 ⁴

41 2448 175 2543 lrxmu-
261 2451 383 2533 CVIII.
420 2467 456 2531 Is
488 2460 592 2532 locus
623 2476 761 2554 petrae,
780 2458 943 2531 ducentis
974 2458 1105 2534 stadiis
1124 2461 1192 2537 bin

39 2575 174 2670 uitissima
186 2588 362 2669 sumitur,
389 2585 543 2685 erigitur
561 2583 717 2669 decem,
733 2584 837 2657 aditu
857 2585 981 2669 tenui,
1008 2588 1140 2661 mollis
1157 2589 1192 2661 in

42 2672 155 2730 eapnur.
186 2712 364 2794 culmi-ne,
408 2729 446 2783 et
467 2709 633 2783 fontium
653 2731 813 2796 scatens,
851 2712 1066 2808 patiensque
1089 2708 1204 2785 indu·¹

185 2838 313 2908 striam
333 2836 438 2906 mille
456 2836 650 2907 hominum
673 2839 903 2910 tusculanum
919 2833 967 2909 (ὅ).
1004 2840 1125 2937 Igitur
1152 2837 1192 2913 ed

185 2962 335 3033 veniens
369 2960 467 3055 capit
482 2959 673 3054 ‘plurimas
706 2962 882 3034 civitates.
933 2970 1029 3035 Tum
1051 2981 1196 3061 petram

185 3084 351 3186 adgresso
375 3082 678 3180 obsidionemque
703 3088 876 3159 molienti
900 3089 1106 3190 transfugae
1131 3091 1197 3165 dn·

185 3234 244 3282 ces
276 3208 398 3302 coepti
428 3210 636 3280 moliminis
663 3213 764 3285 viam
787 3233 964 3310 praeeunt
989 3217 1025 3286 ei
1054 3217 1198 3290 inscen-

186 3361 257 3408 sus.
302 3339 429 3430 ltaque
454 3336 552 3439 capti
580 3333 796 3436 deductique
820 3338 973 3436 praedae
1001 3338 1106 3410 fuere
1136 3338 1198 3441 qui

186 3458 286 3530 bello
311 3461 527 3533 restiterant.

54 3578 177 3637 Alexan·
264 3589 351 3657 CIX.
393 3593 441 3657 At
470 3588 576 3659 enim
605 3588 777 3659 nuntiato
803 3610 944 3656 rursum
971 3592 1082 3660 Accas
1115 3617 1201 3664 mu·

15 3667 66 3720 der
102 3665 176 3719 venit
326 3711 334 3726 ,
489 3708 491 3712 ,
598 3713 607 3728 ⁶
773 3711 781 3727 ι
947 3711 956 3728 ·
1110 3694 1115 3701 .

13 3754 47 3806 ad
73 3734 247 3804 flumenf⁰⁸
263 3711 298 3760 (⁶)
322 3709 429 3783 andos
447 3736 665 3808 oppressisse
687 3709 807 3782 studio
831 3707 1041 3798 fidentiore,
1068 3732 1107 3787 et
1129 3718 1202 3790 ele-

14 3838 118 3892 ludum.
163 3837 167 3843 ’

220 3945 261 3995 (a)
274 3945 314 3989 lta
336 3941 392 3987 cod.
409 3952 435 3988 at
451 3943 573 4000 strperint
589 3943 672 3991 Hora.
700 3932 737 3997 (bl
752 3944 792 3988 lta
814 3941 875 3990 cod.
895 3939 950 3987 nist
969 3942 1056 3989 mavia
1076 3942 1206 3993 netad·-

188 4031 255 4066 rnm.
278 4019 316 4073 (c)
333 4016 396 4065 cod·
416 4018 575 4066 Saramene.
