2776 4934
118 433 178 489 190
405 422 672 487 ALEXANDRI
698 424 836 486 Achs
1038 480 1042 487 .

118 598 254 694 poscit,
296 597 337 667 in
362 598 452 668 haec
484 594 617 690 erupit,
660 600 716 678 „0
751 588 847 666 cives
879 593 957 664 viri
995 590 1139 691 (planet

4 738 7 743 '
118 725 242 810 ,enim
260 725 307 793 ·in
342 723 522 817 praesenti
552 726 617 791 v'os
652 721 721 790 hac
746 719 939 823 communi
969 736 1139 831 nostrus

118 849 389 944 jappellatione
414 830 622 929 nominare,
657 863 701 916 ut
722 846 864 917 scilicet
888 843 962 916 sub
987 844 1140 916 nomine

120 974 305 1057 „adfectus
350 971 560 1044 huiusmodi
609 970 770 1070 intelligi
811 968 1035 1066 promptius
1078 948 1139 1049 sit,

121 1098 328 1195 „quidquid
355 1098 524 1187 omniurn
549 1097 697 1183 dixero,
730 1094 771 1168 id
795 1100 871 1167 non'
896 1120 991 1167 meo
1020 1119 1137 1195 mage,

73 1253 80 1294 τ
122 1249 257 1319 „quam
284 1223 472 1295 communi
497 1223 638 1294 scilicet
654 1240 818 1295 vestrum
835 1220 1050 1296 commodo
1068 1246 1138 1319 pro·

121 1351 350 1442 ,futurumh
385 1348 516 1448 Agitur
549 1349 649 1420 enim
673 1349 779 1431 haec,
807 1366 849 1418 ut
879 1346 1022 1435 video,
1052 1346 1136 1421 emit

17 1501 23 1513 ·
122 1501 254 1570 „super
279 1490 435 1546 tractatu
445 1474 483 1524 (α)
509 1492 637 1545 utrum
664 1498 709 1545 ne
732 1472 839 1547 vobis
875 1486 983 1543 arnna
1022 1472 1132 1545 adrer-

122 1626 226 1684 „sum
252 1596 497 1672 Alexandrum
523 1600 716 1682 sumenda,
745 1624 789 1670 an
814 1625 904 1671 vero
931 1596 1055 1673 nobis
1073 1598 1131 1670 eiu

123 1723 425 1808 „conditionibus
468 1711 753 1823 obsequendum.
794 1732 836 1796 In
878 1749 957 1821 quo
994 1723 1135 1821 quiden

122 1850 317 1935 „accedere
341 1876 402 1922 me
424 1850 645 1945 laudateque
674 1850 844 1922 Aeschini
859 1842 896 1900 (ὂ)
922 1850 1136 1935 sententian

123 2000 223 2058 „non
249 1975 407 2073 segniter
431 1954 634 2068 profitebor
649 1974 698 2045 (¹).
732 1980 824 2045 Usus
850 1990 906 2045 est
935 1975 1041 2046 enim
1063 1976 1135 2047 'ort-

123 2098 251 2182 „tione
279 2099 487 2192 'admodum
517 2100 682 2172 modesta
716 2115 753 2169 et
789 2100 1135 2194 temperantissima,

124 2247 192 2306 „ex
217 2247 286 2317 qua
311 2223 456 2293 videtur
481 2250 599 2318 neque
624 2224 764 2295 viribus
799 2224 939 2297 nostris
964 2206 1136 2295 diffidere

125 2346 182 2430 ,si
206 2344 420 2453 bellandum
444 2344 562 2430 foret,
596 2372 714 2442 neque
740 2350 1058 2447 contemplatione
1077 2352 1136 2422 ha·

125 2499 275 2557 „rumce
301 2471 503 2569 praesentia
529 2472 724 2544 commoda
747 2450 979 2574 neglexisse..

201 2605 295 2680 xlv,
323 2600 542 2683 „Enimvero
570 2600 746 2693 quoniam
776 2602 866 2673 haec
895 2604 970 2676 illo
1006 2604 1130 2678 dicente

127 2749 171 2808 „a
196 2725 322 2796 multis
349 2723 458 2796 audio
483 2724 535 2794 sic
561 2743 705 2819 accepta
731 2743 774 2796 ut
805 2727 925 2826 segnis
956 2730 1132 2803 cuiusdam

127 2866 188 2936 „et
214 2850 325 2919 alieni
351 2849 520 2921 debello
546 2850 783 2933 sententiam
809 2853 966 2923 interim
983 2882 1087 2929 nuno
1100 2854 1137 2928 ad

127 2975 360 3060 „orationem
387 2954 467 3045 eam
493 2992 693 3057 transeam,
721 3000 791 3071 qua
825 2978 1015 3054 Demades
1047 3008 1138 3065 usto,

48 3136 52 3143 .
127 3098 319 3182 „robustus
344 3118 429 3170 sane
454 3100 521 3169 ille
561 3099 618 3170 vir
649 3118 690 3172 ae
724 3098 987 3177 disertissimus
1025 3108 1082 3181 ita
1110 3108 1140 3179 it

128 3218 336 3306 „suadendo
367 3225 574 3318 peroravit,
609 3243 651 3296 ut
683 3251 749 3302 nos
783 3244 930 3324 putaret
966 3234 1136 3330 exempli

154 3476 192 3527 (a)
213 3472 278 3520 cod.
294 3460 392 3523 tractm
418 3470 455 3526 (b)
470 3476 508 3519 lta
525 3474 583 3520 cod.
599 3476 658 3522 hele
676 3487 703 3524 et
717 3490 774 3536 cap.
782 3490 859 3525 ων.
877 3488 910 3527 nt
923 3484 1059 3539 rupertus
1073 3484 1144 3533 ttht

128 3563 185 3608 cap.
202 3553 272 3597 th.
293 3549 408 3604 Achilli,
428 3559 454 3596 et
467 3550 579 3597 iuferius
596 3566 651 3610 cap.
662 3568 705 3599 xx.
726 3552 901 3601 Demostheni.

175 3736 222 3817 (1)
245 3747 455 3802 Demosthenem
474 3749 613 3804 adulatum
630 3767 687 3802 esse
707 3749 844 3802 interdum
858 3750 1022 3806 Alexandro
1040 3754 1145 3827 eiusque

131 3829 253 3899 partibus
271 3833 404 3888 studuisse
425 3848 539 3887 testatur
554 3836 699 3890 Aeschines
715 3849 808 3887 contra
827 3834 946 3907 Ctesiph-
965 3856 1020 3909 cap
1031 3856 1076 3893 nt.
1096 3836 1145 3895 Sed

130 3915 211 3984 louge
236 3914 357 3984 pluribus
375 3934 509 3974 veterum‘
522 3918 684 3973 testimoniis
709 3933 813 3974 constet
833 3922 1032 3978 Demosthenis
1056 3926 1145 3981 odium

130 4012 293 4071 perpetuum
310 4002 436 4059 advdreus
454 4006 650 4059 Alexandrum·
824 3996 891 4089 ἢ·
