2776 4934
98 364 105 377 '
212 396 274 461 214
500 388 769 493 niumm
788 390 926 457 servs

212 565 426 659 ,coepistis,
453 564 546 635 seire
579 588 644 634 vos
668 587 734 667 par
768 580 842 645 est,
876 556 1040 657 satr'tpas
1080 560 1232 659 quidem

211 688 445 788 ,regionibus
471 689 690 760 constitutos
716 678 850 783 quibus
883 712 929 759 ex
953 686 1064 757 more
1092 686 1232 782 parebi-

211 815 284 900 ,tis
315 813 414 883 haud
446 837 545 884 secus
575 838 721 908 prorsus
760 837 801 883 ao
835 810 902 882 sub
918 812 960 863 (ἢ
978 812 1124 885 -Dario
1159 836 1233 885 mot

115 1042 118 1047 .
204 943 332 1024 ,eretz
378 960 496 1032 eoque
527 939 733 1013 consultari
769 965 817 1010 ne
849 939 990 1011 incerta
1023 938 1234 1045 regentium

211 1060 441 1148 ‚observatio
466 1064 550 1158 plus
581 1089 692 1159 penes
723 1090 789 1137 vos
819 1064 971 1137 haberet
1015 1062 1233 1137 formidinis

211 1208 348 1283 ,quam
371 1189 547 1267 veritatis.
805 1266 808 1271 ,

286 1318 451 1389 XXXIX.
486 1313 678 1399 ,Utemini
702 1312 815 1412 igitur
837 1311 983 1413 legibus
1009 1312 1158 1385 vestris
1186 1335 1235 1409 pt·

211 1436 325 1521 „riter
351 1464 393 1510 ao
417 1437 592 1512 moribus.
625 1437 729 1509 Idem
754 1440 855 1509 enim
879 1436 990 1511 vobis
1017 1454 1234 1520 conventus,

212 1563 385 1647 ,eaedem
418 1565 693 1659 solempnitates
736 1580 774 1632 et
804 1564 948 1646 suavia,
992 1586 1071 1635 neo
1108 1588 1234 1665 vagum

213 1713 463 1784 ,quemquam
486 1714 507 1760 a
531 1690 682 1788 regione
707 1689 767 1758 vel
791 1687 936 1760 sedibus
950 1688 1031 1761 suis
1052 1687 1234 1763 aberrasse

213 1815 410 1910 „quopiam
435 1816 656 1911 probaturus
689 1842 784 1887 sum.
836 1814 984 1910 Quippe
1011 1813 1160 1910 quibus
1181 1838 1233 1913 pt·
1268 1882 1270 1905 ;

213 1943 410 2025 „trimonia
435 1943 539 2036 priva
554 1941 689 2013 habere
703 1938 945 2036 permiserim,
963 1940 1141 2037 exeeptis
1152 1964 1232 2013 auro

127 2066 129 2070 ’
212 2069 373 2161 ,pariter
408 2084 445 2138 et
477 2085 648 2166 argento,
684 2090 777 2161 quae
809 2063 1023 2136 communis
1059 2065 1125 2137 hio
1155 2088 1231 2137 usus

212 2192 350 2287 „magis
376 2216 451 2263 esse
475 2192 574 2287 regia
600 2190 806 2263 confitetur.
856 2191 1016 2285 Reliqua
1044 2214 1132 2263 vero
1152 2212 1227 2262 om·

211 2315 291 2400 ,nis
316 2331 488 2397 moneta,
517 2337 767 2411 quaecumque
792 2334 864 2398 est,
897 2315 1067 2391 domitto¹
1084 2315 1228 2415 permit·

211 2461 343 2528 „tetur
379 2442 671 2513 Armamentaria
694 2466 781 2512 sane
803 2443 946 2537 private
981 2443 1017 2515 si
1049 2444 1096 2515 in
1129 2464 1228 2516 usum

211 2567 427 2664 „publicum
452 2578 616 2660 satrapae
639 2570 838 2641 necessaria
857 2566 1048 2653 viderint,
1077 2570 1228 2667 hisque

213 2719 307 2789 ,que
332 2719 395 2764 eos
420 2693 477 2763 uti
502 2711 673 2786 oportere
697 2691 878 2764 mandavi.
910 2693 1080 2791 Agmina
1105 2696 1228 2793 paritet

212 2820 489 2918 „peregrinare,
515 2816 627 2914 inque
642 2811 678 2867 (ὅ)
704 2820 821 2890 aliena
853 2817 1010 2891 transire
1035 2820 1229 2897 interiise

214 2947 329 3032 stim,
357 2944 428 3015 nisi
455 2941 556 3037 quod
581 2943 709 3015 tuendi
731 2946 790 3017 sui
814 2946 929 3045 gratia
952 2968 1084 3043 usquo
1109 2946 1160 3021 ad
1180 2946 1229 3019 de·

213 3097 317 3156 „cem
350 3070 531 3167 vigintive
568 3070 765 3141 hominum
798 3092 999 3143 numerum
1034 3096 1228 3177 congreget

214 3197 383 3282 „facient
418 3199 544 3264 Cetera
575 3194 777 3270 multitudo
812 3221 881 3292 pro
914 3195 1177 3277 rebellatione
1203 3216 1223 3275 t

214 3323 379 3408 „hostico
404 3317 587 3416 punietur.

171 3464 174 3469 ’
287 3454 363 3522 XL.
395 3450 714 3530 ,Mercaturarum
738 3473 905 3519 versurae
929 3448 1006 3521 sint
1029 3452 1177 3531 itidem
1197 3470 1231 3527 ut

213 3572 303 3658 ‚sub
328 3572 459 3656 Dario,
484 3588 705 3669 pateantque
734 3574 953 3646 commercia
992 3578 1060 3649 vel
1094 3582 1231 3657 Graecis

213 3700 276 3785 „in
302 3705 442 3784 Persas,
468 3700 529 3772 vel
553 3700 669 3771 Persis
694 3699 807 3772 etiam
832 3700 878 3770 ad
892 3706 1064 3785 Graecos.
1089 3710 1229 3805 Quippe

213 3825 427 3921 „provisum
461 3842 514 3897 est
545 3843 588 3895 ut
622 3850 689 3920 per
720 3843 876 3921 satrapas
911 3827 1025 3899 etiam
1063 3831 1227 3907 dimensa

245 4005 286 4054 (a)
304 4000 369 4046 cod.
382 4014 415 4048 ac
428 4005 452 4052 si
468 4000 521 4051 sub.
556 3999 592 4057 (b)
609 4000 674 4048 cod.
689 4003 719 4048 in
737 3995 797 4064 quo.
