2776 4934
380 476 421 536 ⁵2
703 550 709 559 Ι
740 468 1037 537 irmummvur

379 641 507 715 dextro
540 641 730 726 obviabat,
765 668 870 742 aegre
901 645 987 714 satis
1018 669 1103 716 cura
1134 647 1388 719 Parmenion‘

378 768 563 867 tuebatur:
603 786 911 864 repensarentque
939 776 1067 844 Persae
1102 772 1264 867 dampna
1291 798 1373 868 pra

378 895 494 980 dicta,
534 895 576 964 ni
607 895 760 966 Darium
792 894 996 966 Alexander
1018 897 1213 992 insequens
1242 923 1317 993 per
1341 902 1376 972 in

375 1022 604 1094 ternuntium
643 1037 810 1092 nosceret
849 1023 1100 1093 Parmenionis
1139 1050 1197 1094 res
1238 1052 1388 1127 verger

374 1148 535 1243 dampno
561 1145 659 1217 hand
681 1145 776 1215 levi:
812 1170 929 1240 eoque
953 1166 1142 1241 comperto
1169 1165 1207 1217 et
1232 1153 1385 1248 ancipi'

345 1272 460 1345 'satis
483 1272 583 1344 bello
610 1271 754 1343 eminus
779 1252 882 1356 viso,
908 1297 1085 1372 regressus
1111 1272 1233 1346 eidem
1259 1277 1386 1375 subpe

371 1399 524 1470 tiar'etur
539 1395 590 1467 (α).
634 1400 764 1491 Neque
785 1398 884 1468 enim
902 1423 1006 1470 mora
1024 1397 1124 1470 bello
1142 1397 1216 1470 fuit
1237 1425 1263 1472 a
1286 1421 1384 1504 tergo

372 1524 536 1595 hostium
550 1521 734 1605 venienti,
761 1522 851 1616 quin
871 1523 951 1596 viso
972 1524 1039 1593 tali
1061 1523 1288 1598 auxiliatore
1304 1554 1382 1600 cun·

371 1651 421 1723 cti
443 1649 612 1744 protinus
643 1645 868 1732 laberentur,
906 1667 949 1720 ut
972 1673 1052 1744 spes
1075 1646 1185 1746 fugae
1209 1647 1381 1725 blandior

369 1776 510 1871 cuique.
872 1859 878 1882 ἱ

251 1958 359 2015 rufinira
395 1902 399 1913 '
444 1904 569 1971 LXIV.
595 1903 715 1993 Quare
743 1897 821 1992 ipse
840 1896 1042 1968 Alexander
1059 1899 1214 1970 Darium
1238 1902 1376 1999 insequi

233 2044 346 2100 victoria
370 2022 515 2095 statuit:
559 2045 688 2120 agmen
722 2047 809 2092 vero
842 2023 1053 2097 transmisso
1079 2032 1181 2119 Lyco
1213 2025 1372 2107 flumine,

166 2194 168 2199 -
231 2130 469 2244 Maced⁰'quod
497 2147 701 2229 ¹ultrorsum
727 2163 799 2229 est,
834 2164 947 2217 castra
978 2151 1078 2222 vallo
1104 2151 1275 2237 munire,
1312 2152 1372 2225 ibi·

235 2236 308 2274 num.
369 2272 440 2370 que
466 2297 574 2368 quam
600 2289 735 2367 queant
759 2273 859 2344 ocius
883 2273 1076 2346 refectioni
1102 2279 1296 2352 consulere
1324 2282 1370 2350 iu·

311 2434 316 2481 3
383 2417 446 2482 ret,
480 2396 646 2470 secundis
678 2398 850 2470 intentos.
875 2422 879 2431 ¹
900 2399 1016 2498 Igitur
1040 2404 1265 2475 Parmenion
1295 2432 1368 2503 spo

385 2525 427 2594 iis
452 2525 615 2597 hostium
641 2540 678 2594 et
703 2521 834 2618 opibus
869 2529 1001 2597 coactis
1033 2528 1196 2622 opperiri
1220 2532 1364 2604 Alexan·

303 2697 307 2714 .
377 2649 472 2720 lrum
506 2650 632 2720 statuit
665 2648 777 2719 etiam
809 2648 905 2719 ultra
936 2675 1184 2749 progressum:
1220 2658 1288 2749 qui
1306 2648 1364 2729 'ubi

370 2774 540 2847 Arbelum
572 2775 693 2856 venit,
729 2798 821 2868 quae
844 2775 947 2868 prior
980 2778 1106 2848 civitas
1131 2777 1259 2853 stadiis
1284 2782 1362 2856 belli

366 2900 409 2972 de
440 2904 523 2973 loco
558 2900 674 2971 ferme
710 2900 886 2970 sexcentis
919 2902 991 2982 sit,
1032 2905 1184 2973 Darium
1220 2908 1360 2999 quiden

364 3019 509 3096 nullum
533 3025 654 3108 videt,
687 3026 739 3094 ita
764 3026 914 3096 volucer
945 3025 1247 3118 praetervolarat:
1285 3062 1351 3106 0„

362 3169 483 3222 tamen
504 3151 579 3221 eius
602 3168 639 3221 et
662 3173 761 3219 arma
785 3167 866 3219 tum
885 3146 986 3219 oidar
1001 3147 1038 3198 (Ι)
1063 3148 1205 3242 apicem
1226 3161 1358 3256 regim
1387 3127 1388 3134 ἵ

362 3300 468 3347 curru
498 3300 570 3346 una
602 3292 638 3345 et
661 3273 863 3374 insignibus
896 3272 1048 3342 retrahit
1070 3273 1264 3350 universis.
1316 3292 1356 3357 Ra

360 3399 459 3473 bello
485 3400 732 3473 Macedonum
757 3396 950 3471 desiderati
982 3417 1068 3469 sunt
1100 3401 1173 3473 viri
1198 3425 1352 3489 centum.

361 3527 448 3621 equi
493 3528 613 3611 mille,
664 3550 821 3624 quorum
861 3547 943 3621 pars
984 3524 1103 3596 maior
1140 3527 1352 3626 insequendo

357 3651 474 3723 Dario
508 3651 689 3724 defecerat
710 3645 756 3723 Φ).
805 3656 996 3722 Persarum
1010 3648 1045 3702 (θ)
1084 3676 1171 3724 vero
1204 3669 1350 3729 trecens

378 3861 420 3914 (a)
435 3860 496 3906 cod.
510 3860 714 3922 subpetitarotur.
737 3856 773 3913 (b)
784 3860 848 3907 cod·
859 3861 970 3923 scenae.
996 3865 1033 3918 (c)
1050 3863 1115 3911 cod.
1135 3863 1230 3912 Parsis.

396 4034 440 4104 (1)
463 4040 532 4089 Nota
551 4036 627 4088 cidon
640 4034 829 4090 indeclinabile
844 4050 891 4090 aut
905 4054 1002 4109 genere
1018 4052 1124 4094 neutro.
