2812 4920
408 469 685 552 ALEXANDRI-
1002 478 1041 537 52

31 642 109 713 huc
127 643 244 715 Persis
270 634 437 739 equestre
465 662 611 715 tantum
638 642 821 739 proelium
849 642 1042 719 videbatur

31 791 76 837 ac
100 768 269 840 velitatio
293 771 385 842 levis
410 787 645 841 armatorum.

105 898 217 965 LXII.
245 900 363 991 Quare
384 894 521 970 Darius
546 912 673 966 movet
698 867 887 993 phalanga¹
901 884 941 963 in
957 895 1045 978 ΑῙθ·Ι

28 1015 163 1106 xandri
185 1019 353 1091 dextrum
372 1045 487 1093 cornu
503 1019 604 1115 quod
624 1021 701 1092 eius
722 1019 924 1116 praesentiri
937 1045 1042 1117 ¹prae·

28 1141 277 1237 ponderabat,
319 1147 455 1217 sensim
482 1145 633 1217 tendens
664 1171 746 1217 suos
780 1161 822 1214 ut
855 1124 1043 1238 pauciores

27 1269 322 1341 circumveniret.
373 1270 442 1342 Sed
467 1254 667 1343 ferventius
692 1270 864 1351 obvians,
897 1295 937 1339 re
959 1294 1044 1369 pro·
1118 1319 1121 1325 -

28 1393 131 1475 visa,
157 1396 352 1489 plerosque
376 1397 578 1468 Alexander
604 1395 761 1478 dissicit,
797 1420 864 1465 nec
890 1392 1047 1487 obsequi

27 1517 191 1588 consilio
217 1520 324 1602 sinit,
352 1518 441 1591 adeo
466 1522 623 1591 torrenti
646 1520 793 1592 turbine
818 1519 1046 1617 etalacrita·

26 1658 92 1724 te,
127 1645 184 1712 uti
208 1643 341 1714 Darius
370 1645 464 1736 ipse,
501 1644 670 1738 exemplo
695 1646 810 1716 hostis
843 1663 879 1715 et
905 1643 1049 1739 pudore

29 1766 198 1864 agricior
220 1766 276 1848 (²),
312 1767 422 1836 etiam
456 1783 540 1837 tuuc
573 1767 727 1865 agminis
761 1768 816 1838 sui
847 1769 886 1836 in
921 1765 1050 1867 medio

23 1888 179 1961 naviter
203 1888 362 1971 bellans,
401 1888 466 1959 ubi
491 1890 680 1962 incondite
712 1917 795 1961 suos
820 1891 967 2003 turbare
992 1891 1046 1961 vi·

24 2014 116 2098 det,
157 2016 279 2088 studio
311 2016 436 2089 salutis
469 2016 659 2115 neglegens
692 1996 970 2088 existimationis
1003 2016 1044 2085 in
1077 2059 1221 2132 mn,

23 2141 162 2253 fugam
187 2159 360 2226 verteret,
387 2141 497 2235 idque
523 2165 648 2222 curru,
675 2142 774 2234 quod
796 2141 958 2213 nobilius
984 2138 1100 2211 <le-nt

27 2264 154 2337 nebat.
198 2273 328 2362 Neque
348 2267 500 2341 difficile
525 2267 637 2339 ceteri
651 2265 850 2360 pedibus
839 2292 880 2336 m
902 2284 1045 2338 senten·
1094 2333 1096 2337 .

26 2394 129 2464 tiam
161 2395 277 2464 secuti
296 2393 336 2444 (a)
369 2395 460 2494 regis
497 2393 726 2487 exemplum,
768 2391 867 2492 paria
888 2392 1045 2462 'consul-

29 2535 120 2590 tant
137 2509 191 2600 (ἦ),
228 2517 317 2588 dum
343 2517 486 2589 Cadusii
502 2519 558 2599 (²),
585 2540 668 2612 pars
693 2514 941 2586 multitudinis
966 2541 1046 2610 per·

24 2645 152 2725 sicae,
192 2662 297 2738 rupta
322 2639 570 2713 Macedonum
600 2640 677 2708 acie
702 2641 742 2706 in
772 2640 919 2710 sarcinis
945 2664 1046 2734 prae·
1128 2700 1132 2715 .

28 2770 248 2845 darenturz·
262 2767 326 2860 qui
346 2785 469 2836 tamen
488 2788 575 2833 mox
594 2748 742 2833 suorum
766 2783 951 2858 comperta
972 2766 1046 2839 for·

26 2917 149 2977 tuna,
178 2917 247 2987 que
275 2891 332 2961 via
357 2891 489 2975 tutior,
515 2885 741 2988 fugientibus
764 2906 964 2984 conpetunt
988 2889 1048 2964 de·

30 3019 326 3097 minutionem<⁶
303 3017 347 3086 (⁶).
1101 3085 1221 3142 Alexan-

111 3149 243 3218 LXIII.
283 3141 352 3215 Sed
384 3142 516 3213 haec
504 3166 544 3213 m
576 3139 769 3214 Alexandri
799 3165 883 3215 sane
914 3143 1222 3224 dextrisrmuau.
1261 3227 1263 3231 .

41 3272 249 3373 agebantur.
300 3275 464 3341 Laevum
488 3293 593 3350 vero,
630 3267 728 3363 quod
751 3269 856 3339 Darii
886 3257 1215 3416 cornuffiffiffim

77 3458 117 3508 (Α)
130 3457 193 3504 flod·
211 3465 317 3526 secutus.
344 3450 380 3506 (b)
396 3452 457 3499 cod.
477 3452 632 3527 consultans
660 3458 695 3506 (c)
710 3456 749 3498 lta
763 3453 822 3499 sod
1061 3441 1113 3483 Μ·

94 3595 142 3676 (1)
160 3605 202 3657 Ita
216 3603 278 3655 eod.
296 3603 411 3654 Videtur
420 3614 509 3654 autem
525 3611 607 3670 putus
624 3599 798 3654 hellenismus
815 3619 849 3654 ex
861 3570 1048 3677 dtevffll'quts

40 3704 211 3766 quamquam
228 3689 361 3743 sententia
377 3688 437 3740 duci
454 3688 561 3751 videtur
575 3685 607 3737 ab
621 3683 717 3762 ἄγριος.
1082 3750 1084 3754 Ι

86 3775 135 3847 (2)
158 3776 225 3831 cod.
243 3793 292 3847 pro
317 3776 380 3829 dum
402 3773 512 3827 Cadusii
534 3771 616 3824 habet
639 3773 789 3846 quasvisia.
822 3769 870 3824 sed
890 3779 945 3824 erat
965 3769 1052 3824 σοιτί·
1073 3798 1076 3802 ·

39 3863 151 3937 gendos
167 3862 245 3914 locus
268 3880 301 3913 ex
314 3861 441 3916 Diodoro·
453 3870 531 3913 xvtt.
548 3863 589 3910 ⁵⁹.
608 3861 701 3914 Canio
718 3862 822 3912 1v.15.

84 3947 131 4018 (ὅ)
156 3951 200 4001 Ita
215 3946 275 4000 cod.
294 3965 391 4012 cornu,
414 3963 477 3997 nam
494 3945 603 3995 athana
620 3944 836 4000 terminationem
850 3941 952 4014 patitur
967 3942 1052 3995 intar-

40 4034 110 4088 dum
136 4045 242 4108 quarte
261 4031 448 4085 declinationis
462 4029 557 4082 tertius
574 4046 657 4092 casua.
