2776 4934
363 452 422 510 rar
651 446 918 511 ALEXANDRI
941 448 1079 513 natvs
1105 510 1110 517 .

359 618 559 688 amicitiam
585 636 819 713 coaptaverat
832 619 884 693 (a).
920 620 1066 717 Quippe
1084 616 1312 719 fugientibus
1333 640 1367 691 et

356 742 511 839 tempus
527 769 590 814 ore
615 742 872 814 blandiebatur
895 744 996 839 quod
1019 770 1274 843 vesperascens
1293 745 1368 817 foe*-

358 852 529 942 ditatam¹
551 866 771 968 fugientium
807 871 945 963 pariter
975 886 1012 941 et
1043 872 1254 965 periculum
1275 895 1366 966 pro·

357 1000 513 1069 texisset.
546 996 677 1066 Darius
692 1012 817 1064 auteur
833 988 869 1044 (ὅ)
895 1012 991 1065 ratus
1009 995 1227 1095 deligatiore
1242 992 1279 1047 (ι)
1305 997 1366 1066 illa

356 1124 442 1223 fuga
477 1141 514 1193 et
558 1121 726 1193 vehiculo
738 1116 781 1169 (d)
813 1119 926 1218 regali
960 1123 1167 1215 periculum
1203 1108 1363 1203 ‹ivitare‚

358 1248 529 1343 quodque
555 1270 575 1316 e
599 1263 770 1343 suggestu
795 1244 914 1342 regiae
929 1248 1040 1318 turris
1053 1248 1267 1343 promptius
1284 1272 1364 1319 cuu-

268 1452 275 1462 ,
355 1372 539 1469 spirabilis
565 1369 680 1451 foret,
714 1394 863 1439 currum
890 1372 1041 1465 quidem
1071 1373 1111 1443 in
1143 1374 1228 1446 loca
1263 1400 1362 1471 quae·

355 1501 439 1569 dam
465 1494 673 1568 abdendum
697 1495 847 1566 mandat
872 1515 909 1567 et
934 1497 1194 1570 avertendum:
1223 1500 1360 1595 ipseau·

353 1644 430 1696 tem
457 1647 550 1717 equo
577 1645 771 1692 conscenso
797 1623 1051 1717 properantiae
1076 1626 1254 1702 consulit.

200 1757 278 1813 Darii
298 1753 343 1806 fa·
428 1756 519 1821 LIV.
558 1744 626 1818 Sed
661 1747 762 1817 enim
792 1746 996 1820 Alexander
1028 1750 1123 1819 hanc
1153 1748 1229 1821 sibi
1261 1776 1355 1847 pecu·

181 1845 256 1898 milia
297 1858 342 1894 ea-

180 1933 261 2000 pitut.
352 1879 482 1946 liarem
506 1873 666 1970 gloriam
689 1891 861 1966 appetens
887 1874 918 1943 si
942 1899 1006 1944 rex
1037 1872 1182 1972 fugiens
1218 1900 1351 1972 conpre-

352 1998 588 2077 henderetur‚
615 1998 815 2067 animosius
839 1997 1042 2081 insecutus,
1079 2025 1210 2073 currus
1224 2001 1264 2053 (θ
1289 2002 1352 2099 qui·

350 2124 435 2197 dem
461 2147 633 2215 armaque
659 2122 792 2217 regalia
819 2140 1048 2216 matremque
1063 2150 1134 2195 una
1150 2145 1191 2197 et
1213 2150 1351 2201 uxorem

345 2268 434 2317 'cunr
460 2244 661 2344 virginibus
687 2243 830 2315 filiabus
859 2249 1013 2317 emensis
1035 2250 1161 2321 stadiis
1176 2253 1350 2353 sexaginta

347 2369 629 2465 conprehendit:
669 2372 790 2466 ipsum
823 2397 909 2443 vero
943 2375 1097 2445 Darium
1129 2379 1351 2449 non-minus

347 2494 576 2568 tenebrosior
608 2521 682 2566 nox
716 2523 826 2591 quam
861 2523 985 2569 cursus
1018 2502 1196 2573 velocitas
1231 2502 1350 2575 libera·

345 2641 466 2693 verat:
495 2622 631 2716 quippe
657 2623 732 2693 iam
756 2625 920 2718 primum
951 2625 990 2695 in
1016 2627 1105 2717 haec
1132 2645 1171 2697 et
1195 2630 1350 2701 huiusce·

263 2820 273 2833 ..
343 2748 448 2821 modi
473 2746 675 2818 fortunaria
701 2749 886 2844 dispositis
912 2753 1015 2844 equis
1049 2769 1086 2823 et
1111 2753 1248 2825 itinere
1278 2780 1349 2851 pro·
1387 2737 1388 2746 ἵ

342 2876 433 2947 viso.
469 2873 690 2944 Macedones
715 2900 802 2944 vero
835 2876 949 2967 potiti
981 2877 1137 2949 victoria
1170 2879 1213 2949 iu
1248 2898 1348 2953 castra

340 3000 478 3094 persica
514 3003 733 3097 migravere,
773 3023 917 3092 unaque
952 3002 1154 3074 Alexander
1188 3006 1347 3079 tenturiis

340 3124 447 3222 regiis
473 3126 730 3218 superveniens
756 3143 923 3220 expertus
946 3124 1001 3197 ibi
1021 3127 1189 3225 primum
1215 3149 1346 3205 estum

340 3276 426 3323 cum
452 3248 632 3321 militibus
657 3251 731 3322 suis
764 3250 934 3325 fortunae
966 3253 1068 3328 illius
1102 3280 1145 3329 ac
1178 3256 1343 3333 victorin

339 3378 644 3448 emolumentum.
827 3372 832 3381 ’
1135 3356 1139 3363 ’

175 3512 325 3567 Moderatio
413 3511 483 3576 LV.
524 3509 652 3597 Neque
679 3527 783 3602 mage
813 3506 956 3600 uspiam
986 3509 1215 3583 continentis
1240 3505 1342 3581 animi

164 3598 322 3655 “¹0¹²‘'dn'
335 3627 572 3700 moderamen
613 3629 815 3700 Alexander
848 3634 972 3726 potuit
1005 3651 1209 3719 ostentare,
1243 3656 1340 3733 quam

315 3930 319 3937 .
363 3895 405 3946 (a)
424 3895 486 3943 cod.
510 3906 683 3953 coaptaverat.
718 3894 753 3957 (b)
771 3896 832 3940 Cod.
849 3907 945 3943 tamen.
981 3902 1015 3954 (c)
1036 3904 1075 3944 lta
1096 3901 1154 3945 cod.
1177 3902 1335 3967 delr'gm'mo

294 3964 298 3971 '
325 3966 439 4015 'fortune
457 3981 504 4025 pro
521 3970 694 4026 impeditiore.
719 3970 770 4014 niti
792 3970 876 4014 mavi·
897 3970 1014 4042 seribere
1034 3972 1194 4023 delicatiore.
1212 3976 1264 4031 ld>
1279 3972 1333 4021 cod·

326 4040 451 4088 uehicula.
476 4046 511 4095 (a)
529 4048 566 4092 lta
583 4043 638 4091 cod·
655 4059 751 4091 currus.
