2812 4920
346 390 407 450 178
484 380 751 450 surranum
772 368 910 443 ourv's
933 381 1010 445 sav
1033 380 1163 442 ursan
1183 381 1210 441 1.
1289 464 1299 477 ι

343 558 385 628 it.
419 563 513 655 Ergo
537 551 807 647 cumprimum
828 540 1002 622 luctando
1026 549 1232 620 adversario
1256 574 1358 643 prae·

342 681 503 762 stitisse,
528 699 776 769 coronamque
791 672 927 745 laboris
948 675 1130 772 exegisset,
1157 673 1260 745 iubet
1275 675 1356 745 Ale·

342 805 479 879 xander
501 820 620 874 cetera
645 824 791 896 quoque
810 797 967 869 eundem
983 802 1082 895 prius
1100 802 1247 894 exsequi
1265 824 1355 893 quae

337 930 588 1029 promisisset,
617 948 780 1020 quaeque
805 924 836 992 si
870 908 951 1018 pari
988 924 1137 997 fortuna
1169 922 1355 995 obtineret

333 1057 440 1128 -nihil
465 1054 634 1135 omnium
658 1049 739 1129 fore
764 1047 863 1142 quod
888 1048 959 1121 sibi
990 1050 1134 1145 petenti-
1162 1074 1228 1119 rex
1252 1074 1355 1148 nega·

334 1201 410 1254 ret.
442 1182 559 1280 Igitur
583 1201 668 1249 usus
693 1173 914 1249 fortitudine
940 1192 1048 1268 atque
1073 1172 1241 1257 fortuna,
1271 1199 1353 1244 cum

344 1326 438 1382 esset
461 1303 618 1377 cestibus
643 1300 769 1396 potior
795 1317 832 1371 et
855 1299 1037 1397 pugillatu
1061 1300 1209 1372 felicior
1237 1298 1351 1382 foret,

334 1432 537 1505 revertitur
562 1425 609 1496 ad
634 1451 756 1524 regem
782 1422 1021 1496 coronandus.
1134 1499 1145 1512 ⁴,

172 1560 334 1699 dangu·
416 1560 543 1629 LXJX.
570 1550 639 1623 Sed
671 1550 716 1620 ab
750 1574 794 1621 eo
833 1575 917 1620 cum
951 1567 1140 1643 quaereret
1167 1548 1351 1644 praeco&

191 1665 219 1698 Pr
304 1662 333 1696 e.

169 1734 216 1787 bas
252 1731 334 1782 resti-

170 1816 333 1899 tuipegmit-
344 1811 463 1881 civem
489 1800 736 1900 profiteretur,
765 1817 808 1869 ut
838 1798 933 1870 illud
960 1827 1003 1871 ex
1036 1827 1140 1873 more
1174 1800 1352 1897 praedica·
1393 1792 1395 1799 ’

171 1905 214 1958 t'u.

337 1709 447 1756 more
472 1675 670 1771 sollempni
702 1675 784 1769 quis
816 1693 908 1746 esset
939 1676 1092 1746 nomine
1127 1700 1287 1770 quemve
1319 1700 1351 1743 se

343 1951 463 2011 retur,
500 1927 782 2020 clytomachum
815 1925 965 2021 quidem
998 1953 1035 1998 se
1068 1928 1249 2023 appellari
1287 1927 1350 2005 ait,

344 2057 531 2129 civitatem
557 2075 643 2121 vero
670 2049 805 2123 habere
832 2051 973 2123 desisse.
1021 2052 1091 2126 Sed
1116 2052 1157 2121 id
1185 2077 1272 2122 cum
1297 2076 1350 2122 co·

342 2180 443 2254 ronis
480 2154 634 2246 redditis
665 2175 740 2243 iarn
776 2175 899 2246 deesse
932 2169 1069 2247 diceret
1100 2172 1302 2248 Alexander
1316 2168 1350 2224 (ὅ)

242 2320 249 2329 “
341 2304 481 2406 gloriae
524 2299 699 2369 victoriae
717 2299 752 2349 (θ)
782 2300 901 2384 illius,
937 2301 1040 2393 addit
1074 2302 1348 2397 clytomachus,

343 2412 436 2505 clini
468 2453 507 2498 se
539 2422 708 2495 habuisse
742 2425 854 2496 etiam
896 2416 1101 2507 civitatem,
1140 2425 1205 2498 sed
1239 2429 1349 2523 prius·
1393 2412 1396 2471 l

342 2566 454 2651 quam
478 2548 681 2623 Alexander
705 2576 858 2650 regnum
885 2550 1033 2646 adeptus
1060 2551 1157 2623 foret
1164 2578 1176 2634 3
1204 2578 1250 2624 eo
1268 2578 1350 2625 vero

340 2681 546 2774 imperante
571 2672 642 2745 sibi
664 2678 822 2774 patriam
837 2675 1028 2773 deperisse.
1052 2678 1149 2749 Hinc
1165 2680 1351 2751 intellecto

342 2828 416 2901 quo
441 2819 607 2900 pergeret
629 2802 790 2873 intentio
816 2801 1060 2899 deprecantis,
1087 2803 1143 2873 uti
1167 2806 1279 2875 'suurn
1304 2830 1352 2876 es·

325 2938 397 3000 ‘set
421 2927 521 3022 quod
544 2927 610 2996 ille
635 2924 732 2997 foret
755 2951 823 3022 pro
858 2929 975 3022 patria
1001 2929 1200 3024 petiturus,
1239 2930 1353 3003 edice·

339 3077 379 3122 re
393 3048 437 3102 ‘d’
461 3075 680 3146 praeconem
704 3050 825 3134 iubet,
858 3054 968 3125 condi
993 3053 1137 3126 Thebas
1168 3078 1247 3128 esse
1277 3082 1355 3153 per·

338 3177 492 3248 missum
516 3175 555 3243 in
581 3175 728 3251 honora
749 3179 889 3250 scilicet
911 3180 1027 3250 trium
1050 3184 1230 3264 Deorum,
1258 3188 1357 3257 Mer·

322 3303 432 3374 'curii
447 3301 511 3397 qui
527 3319 691 3397 repertor
708 3302 869 3373 luctandi
890 3305 1009 3390 cluat,
1030 3308 1278 3405 Herculisque
1294 3311 1359 3407 qui

337 3430 536 3529 pugillatus
550 3428 745 3513 invenerit,
757 3428 918 3500 Pollucis
931 3431 1045 3500 etiam
1059 3433 1123 3526 qui
1137 3432 1300 3507 cestibus
1313 3436 1360 3507 sit

336 3555 518 3652 magister.
542 3559 668 3646 quue
683 3552 857 3625 effectum
872 3571 926 3624 est
942 3554 997 3623 uti
1013 3559 1202 3627 oraculum
1214 3560 1358 3656 Apolli.

281 3691 288 3705 ’
336 3678 399 3748 nis
409 3697 624 3778 congrueret
638 3703 723 3749 cum
739 3680 934 3752 Alexandri
949 3683 1270 3779 pronuntiatione.

361 3889 400 3939 (a)
418 3888 481 3932 (Lod.
499 3900 524 3934 et
534 3903 633 3949 praeco.
654 3886 688 3943 (b)
706 3892 769 3935 cod.
790 3893 965 3957 primwmanu
980 3889 1158 3943 Alexander,
1172 3841 1358 3943 morri-,redum

335 3961 496 4013 Alexandri.
514 3965 549 4017 (c)
558 3965 620 4011 cod.
632 3965 716 4011 antor.
734 3963 774 4015 (d)
785 3966 845 4012 cod.
856 3964 931 4012 edici.
951 3964 998 4009 Vel
1007 3964 1051 4011 ‹tic
1059 3963 1128 4012 edici
1134 3978 1352 4026 perprumm
