<?xml version="1.0" encoding="UTF-8"?>
<!DOCTYPE html PUBLIC "-//W3C//DTD XHTML 1.0 Transitional//EN"
    "http://www.w3.org/TR/xhtml1/DTD/xhtml1-transitional.dtd">
<html xmlns="http://www.w3.org/1999/xhtml" xml:lang="en" lang="en">
 <head>
  <title>
</title>
<meta http-equiv="Content-Type" content="text/html;charset=utf-8" />
  <meta name='ocr-system' content='tesseract 3.04.00' />
  <meta name='ocr-capabilities' content='ocr_page ocr_carea ocr_par ocr_line ocrx_word'/>
</head>
<body>
  <div class='ocr_page' id='page_1' title='image "./itinerariumalex00valegoog_0122.png"; bbox 0 0 2776 4934; ppageno 0'>
   <div class='ocr_carea' id='block_1_1' title="bbox 423 435 1066 537">
    <p class='ocr_par' dir='ltr' id='par_1_1' title="bbox 423 435 1066 537">
     <span class='ocr_line' id='line_1_1' title="bbox 423 435 1066 537; baseline 0.012 -16"><span class='ocrx_word' id='word_1_1' title='bbox 423 435 501 522; x_wconf 78' lang='lat' dir='ltr'><strong>s‘uv</strong></span> <span class='ocrx_word' id='word_1_2' title='bbox 528 460 662 537; x_wconf 74' lang='lat' dir='ltr'><strong>aaran</strong></span> <span class='ocrx_word' id='word_1_3' title='bbox 680 458 708 522; x_wconf 89' lang='lat'><strong>1.</strong></span> <span class='ocrx_word' id='word_1_4' title='bbox 760 461 764 467; x_wconf 88' lang='lat'><em>·</em></span> <span class='ocrx_word' id='word_1_5' title='bbox 1007 473 1066 528; x_wconf 79' lang='lat'><strong>115</strong></span> 
     </span>
    </p>
   </div>
   <div class='ocr_carea' id='block_1_2' title="bbox 55 644 1238 1125">
    <p class='ocr_par' dir='ltr' id='par_1_2' title="bbox 55 644 1238 1121">
     <span class='ocr_line' id='line_1_2' title="bbox 55 644 1066 748; baseline 0.007 -33"><span class='ocrx_word' id='word_1_6' title='bbox 55 646 118 729; x_wconf 71' lang='lat' dir='ltr'><strong>„in</strong></span> <span class='ocrx_word' id='word_1_7' title='bbox 144 646 301 747; x_wconf 79' lang='lat' dir='ltr'><strong>gratiam</strong></span> <span class='ocrx_word' id='word_1_8' title='bbox 327 668 399 717; x_wconf 84' lang='lat' dir='ltr'><strong>una</strong></span> <span class='ocrx_word' id='word_1_9' title='bbox 424 652 535 747; x_wconf 78' lang='lat' dir='ltr'><strong>atque</strong></span> <span class='ocrx_word' id='word_1_10' title='bbox 557 644 597 717; x_wconf 81' lang='lat' dir='ltr'><strong>in</strong></span> <span class='ocrx_word' id='word_1_11' title='bbox 622 647 834 722; x_wconf 85' lang='lat' dir='ltr'><strong>cubiculum</strong></span> <span class='ocrx_word' id='word_1_12' title='bbox 857 652 931 748; x_wconf 87' lang='lat' dir='ltr'><strong>iam</strong></span> <span class='ocrx_word' id='word_1_13' title='bbox 949 650 1066 723; x_wconf 85' lang='lat' dir='ltr'><strong>dedu·</strong></span> 
     </span>
     <span class='ocr_line' id='line_1_3' title="bbox 55 750 1066 869; baseline 0.007 -28"><span class='ocrx_word' id='word_1_14' title='bbox 55 796 171 854; x_wconf 76' lang='lat' dir='ltr'><strong>„tam</strong></span> <span class='ocrx_word' id='word_1_15' title='bbox 224 778 335 843; x_wconf 86' lang='lat' dir='ltr'><strong>Geret</strong></span> <span class='ocrx_word' id='word_1_16' title='bbox 364 770 465 857; x_wconf 87' lang='lat' dir='ltr'><strong>enim</strong></span> <span class='ocrx_word' id='word_1_17' title='bbox 496 750 640 843; x_wconf 72' lang='lat' dir='ltr'><strong>rnorem</strong></span> <span class='ocrx_word' id='word_1_18' title='bbox 664 772 831 869; x_wconf 76' lang='lat' dir='ltr'><strong>profecto</strong></span> <span class='ocrx_word' id='word_1_19' title='bbox 861 775 1066 848; x_wconf 84' lang='lat' dir='ltr'><strong>Alexandro</strong></span> 
     </span>
     <span class='ocr_line' id='line_1_4' title="bbox 58 894 1019 1001; baseline 0.004 -34"><span class='ocrx_word' id='word_1_20' title='bbox 58 894 189 981; x_wconf 57' lang='lat' dir='ltr'><strong>,filim</strong></span> <span class='ocrx_word' id='word_1_21' title='bbox 210 898 313 969; x_wconf 87' lang='lat' dir='ltr'><strong>cuiua</strong></span> <span class='ocrx_word' id='word_1_22' title='bbox 337 915 377 967; x_wconf 89' lang='lat' dir='ltr'><strong>tu</strong></span> <span class='ocrx_word' id='word_1_23' title='bbox 391 908 511 991; x_wconf 78' lang='lat' dir='ltr'><strong>pater,</strong></span> <span class='ocrx_word' id='word_1_24' title='bbox 536 913 580 968; x_wconf 92' lang='lat' dir='ltr'><strong>ut</strong></span> <span class='ocrx_word' id='word_1_25' title='bbox 598 894 725 980; x_wconf 86' lang='lat' dir='ltr'><strong>video,</strong></span> <span class='ocrx_word' id='word_1_26' title='bbox 754 898 829 969; x_wconf 80' lang='lat' dir='ltr'><strong>eas&#39;e</strong></span> <span class='ocrx_word' id='word_1_27' title='bbox 849 899 1019 1001; x_wconf 56' lang='lat' dir='ltr'><strong>fastidita</strong></span> 
     </span>
     <span class='ocr_line' id='line_1_5' title="bbox 89 1018 1238 1125; baseline 0.005 -32.204"><span class='ocrx_word' id='word_1_28' title='bbox 89 1024 214 1093; x_wconf 82' lang='lat' dir='ltr'><strong>VII.</strong></span> <span class='ocrx_word' id='word_1_29' title='bbox 245 1024 313 1095; x_wconf 82' lang='lat' dir='ltr'><strong>His</strong></span> <span class='ocrx_word' id='word_1_30' title='bbox 336 1018 451 1104; x_wconf 73' lang='lat' dir='ltr'><strong>dietis</strong></span> <span class='ocrx_word' id='word_1_31' title='bbox 466 1023 607 1125; x_wconf 77' lang='lat' dir='ltr'><strong>transit</strong></span> <span class='ocrx_word' id='word_1_32' title='bbox 617 1020 676 1093; x_wconf 87' lang='lat' dir='ltr'><strong>ad</strong></span> <span class='ocrx_word' id='word_1_33' title='bbox 694 1041 869 1106; x_wconf 82' lang='lat' dir='ltr'><strong>matrem,</strong></span> <span class='ocrx_word' id='word_1_34' title='bbox 895 1024 1068 1121; x_wconf 89' lang='lat' dir='ltr'><strong>Philippo</strong></span> <span class='ocrx_word' id='word_1_35' title='bbox 1080 1054 1238 1110; x_wconf 76' lang='lat' dir='ltr'><strong>Alexander</strong></span> 
     </span>
    </p>
   </div>
   <div class='ocr_carea' id='block_1_3' title="bbox 59 1141 1226 1243">
    <p class='ocr_par' dir='ltr' id='par_1_3' title="bbox 59 1141 1226 1243">
     <span class='ocr_line' id='line_1_6' title="bbox 59 1141 1226 1243; baseline 0.003 -27"><span class='ocrx_word' id='word_1_36' title='bbox 59 1147 139 1219; x_wconf 85' lang='lat' dir='ltr'><strong>iam</strong></span> <span class='ocrx_word' id='word_1_37' title='bbox 168 1144 266 1218; x_wconf 89' lang='lat' dir='ltr'><strong>inter</strong></span> <span class='ocrx_word' id='word_1_38' title='bbox 296 1144 483 1242; x_wconf 87' lang='lat' dir='ltr'><strong>pudorem</strong></span> <span class='ocrx_word' id='word_1_39' title='bbox 515 1144 854 1243; x_wconf 78' lang='lat' dir='ltr'><strong>poenitentiamque</strong></span> <span class='ocrx_word' id='word_1_40' title='bbox 892 1147 1068 1232; x_wconf 72' lang='lat' dir='ltr'><strong>distento,</strong></span> <span class='ocrx_word' id='word_1_41' title='bbox 1081 1141 1226 1219; x_wconf 66' lang='lat' dir='ltr'><strong>olympa-</strong></span> 
     </span>
    </p>
   </div>
   <div class='ocr_carea' id='block_1_4' title="bbox 64 1224 1228 1383">
    <p class='ocr_par' dir='ltr' id='par_1_4' title="bbox 64 1224 1228 1383">
     <span class='ocr_line' id='line_1_7' title="bbox 64 1224 1228 1383; baseline 0.004 -41"><span class='ocrx_word' id='word_1_42' title='bbox 64 1289 105 1343; x_wconf 91' lang='lat' dir='ltr'><strong>et</strong></span> <span class='ocrx_word' id='word_1_43' title='bbox 137 1270 193 1357; x_wconf 75' lang='lat' dir='ltr'><strong>ait</strong></span> <span class='ocrx_word' id='word_1_44' title='bbox 215 1270 262 1343; x_wconf 79' lang='lat' dir='ltr'><strong>ad</strong></span> <span class='ocrx_word' id='word_1_45' title='bbox 285 1276 390 1343; x_wconf 80' lang='lat' dir='ltr'><strong>eam:</strong></span> <span class='ocrx_word' id='word_1_46' title='bbox 433 1276 531 1355; x_wconf 54' lang='lat' dir='ltr'><strong>„Nee</strong></span> <span class='ocrx_word' id='word_1_47' title='bbox 565 1271 707 1368; x_wconf 81' lang='lat' dir='ltr'><strong>inquit,</strong></span> <span class='ocrx_word' id='word_1_48' title='bbox 741 1296 893 1371; x_wconf 78' lang='lat' dir='ltr'><strong>quaese,</strong></span> <span class='ocrx_word' id='word_1_49' title='bbox 923 1224 1228 1383; x_wconf 52' lang='lat' dir='ltr'><strong>nemo··{1;}‚¹{‚².,pi¹0¹,¹</strong></span> 
     </span>
    </p>
   </div>
   <div class='ocr_carea' id='block_1_5' title="bbox 14 1393 1218 3366">
    <p class='ocr_par' dir='ltr' id='par_1_5' title="bbox 60 1393 1218 1852">
     <span class='ocr_line' id='line_1_8' title="bbox 63 1393 1218 1494; baseline 0.001 -27"><span class='ocrx_word' id='word_1_50' title='bbox 63 1408 208 1482; x_wconf 75' lang='lat' dir='ltr'><strong>„vear&#39;e,</strong></span> <span class='ocrx_word' id='word_1_51' title='bbox 249 1420 305 1467; x_wconf 85' lang='lat' dir='ltr'><strong>mr</strong></span> <span class='ocrx_word' id='word_1_52' title='bbox 293 1393 362 1444; x_wconf 82' lang='grc'><strong>(9)</strong></span> <span class='ocrx_word' id='word_1_53' title='bbox 394 1413 527 1481; x_wconf 84' lang='lat' dir='ltr'><strong>mater,</strong></span> <span class='ocrx_word' id='word_1_54' title='bbox 551 1422 671 1494; x_wconf 64' lang='lat' dir='ltr'><strong>nuper</strong></span> <span class='ocrx_word' id='word_1_55' title='bbox 704 1401 805 1472; x_wconf 81' lang='lat' dir='ltr'><strong>hisce</strong></span> <span class='ocrx_word' id='word_1_56' title='bbox 835 1422 927 1492; x_wconf 85' lang='lat' dir='ltr'><strong>quae</strong></span> <span class='ocrx_word' id='word_1_57' title='bbox 960 1397 1000 1466; x_wconf 90' lang='lat' dir='ltr'><strong>in</strong></span> <span class='ocrx_word' id='word_1_58' title='bbox 1035 1396 1218 1469; x_wconf 64' lang='lat' dir='ltr'><strong>te⁰⁰²¹⁰¹¹i⁸10</strong></span> 
     </span>
     <span class='ocr_line' id='line_1_9' title="bbox 61 1510 1074 1621; baseline 0.004 -30"><span class='ocrx_word' id='word_1_59' title='bbox 61 1510 201 1621; x_wconf 66' lang='lat' dir='ltr'><strong>„egerit</strong></span> <span class='ocrx_word' id='word_1_60' title='bbox 224 1545 290 1591; x_wconf 85' lang='lat' dir='ltr'><strong>rex</strong></span> <span class='ocrx_word' id='word_1_61' title='bbox 313 1520 477 1593; x_wconf 83' lang='lat' dir='ltr'><strong>maritus.</strong></span> <span class='ocrx_word' id='word_1_62' title='bbox 516 1524 700 1597; x_wconf 84' lang='lat' dir='ltr'><strong>Etenim</strong></span> <span class='ocrx_word' id='word_1_63' title='bbox 689 1547 767 1618; x_wconf 83' lang='lat' dir='ltr'><strong>1pea</strong></span> <span class='ocrx_word' id='word_1_64' title='bbox 791 1523 959 1618; x_wconf 85' lang='lat' dir='ltr'><strong>quamvis</strong></span> <span class='ocrx_word' id='word_1_65' title='bbox 977 1522 1074 1595; x_wconf 86' lang='lat' dir='ltr'><strong>clam</strong></span> 
     </span>
     <span class='ocr_line' id='line_1_10' title="bbox 60 1624 1138 1747; baseline 0.003 -32"><span class='ocrx_word' id='word_1_66' title='bbox 60 1624 219 1728; x_wconf 71' lang='lat' dir='ltr'><strong>„habeas</strong></span> <span class='ocrx_word' id='word_1_67' title='bbox 253 1643 354 1739; x_wconf 89' lang='lat' dir='ltr'><strong>quod</strong></span> <span class='ocrx_word' id='word_1_68' title='bbox 378 1648 660 1728; x_wconf 74' lang='lat' dir='ltr'><strong>commeruerit,</strong></span> <span class='ocrx_word' id='word_1_69' title='bbox 696 1670 759 1747; x_wconf 81' lang='lat' dir='ltr'><strong>age</strong></span> <span class='ocrx_word' id='word_1_70' title='bbox 782 1665 907 1717; x_wconf 84' lang='lat' dir='ltr'><strong>tamen</strong></span> <span class='ocrx_word' id='word_1_71' title='bbox 931 1670 1077 1718; x_wconf 88' lang='lat' dir='ltr'><strong>morem</strong></span> <span class='ocrx_word' id='word_1_72' title='bbox 1135 1682 1138 1687; x_wconf 55' lang='lat'>&gt;</span> 
     </span>
     <span class='ocr_line' id='line_1_11' title="bbox 62 1766 1075 1855; baseline 0.003 -15"><span class='ocrx_word' id='word_1_73' title='bbox 62 1766 334 1851; x_wconf 71' lang='lat' dir='ltr'><strong>..conscientiae</strong></span> <span class='ocrx_word' id='word_1_74' title='bbox 347 1784 454 1852; x_wconf 66' lang='lat' dir='ltr'><strong>tuae,</strong></span> <span class='ocrx_word' id='word_1_75' title='bbox 479 1770 588 1838; x_wconf 79' lang='lat' dir='ltr'><strong>ouius</strong></span> <span class='ocrx_word' id='word_1_76' title='bbox 596 1789 735 1845; x_wconf 86' lang='lat' dir='ltr'><strong>memet</strong></span> <span class='ocrx_word' id='word_1_77' title='bbox 752 1791 883 1844; x_wconf 86' lang='lat' dir='ltr'><strong>testem</strong></span> <span class='ocrx_word' id='word_1_78' title='bbox 901 1770 1012 1843; x_wconf 81' lang='lat' dir='ltr'><strong>habea</strong></span> <span class='ocrx_word' id='word_1_79' title='bbox 1024 1769 1075 1855; x_wconf 70' lang='grc'>(9),</span> 
     </span>
    </p>

    <p class='ocr_par' dir='ltr' id='par_1_6' title="bbox 64 1876 1077 1994">
     <span class='ocr_line' id='line_1_12' title="bbox 64 1876 1077 1994; baseline 0.005 -32"><span class='ocrx_word' id='word_1_80' title='bbox 64 1891 157 1987; x_wconf 76' lang='lat' dir='ltr'><strong>,qui</strong></span> <span class='ocrx_word' id='word_1_81' title='bbox 185 1892 280 1963; x_wconf 86' lang='lat' dir='ltr'><strong>hanc</strong></span> <span class='ocrx_word' id='word_1_82' title='bbox 300 1891 372 1963; x_wconf 88' lang='lat' dir='ltr'><strong>tibi</strong></span> <span class='ocrx_word' id='word_1_83' title='bbox 396 1876 631 1964; x_wconf 81' lang='lat' dir='ltr'><strong>&#39;concordiam</strong></span> <span class='ocrx_word' id='word_1_84' title='bbox 660 1894 803 1967; x_wconf 78' lang='lat' dir='ltr'><strong>suadeo.</strong></span> <span class='ocrx_word' id='word_1_85' title='bbox 855 1900 995 1994; x_wconf 80' lang='lat' dir='ltr'><strong>Quaeso</strong></span> <span class='ocrx_word' id='word_1_86' title='bbox 1023 1920 1077 1967; x_wconf 88' lang='lat' dir='ltr'><strong>re·</strong></span> 
     </span>
    </p>

    <p class='ocr_par' dir='ltr' id='par_1_7' title="bbox 14 2014 1200 3366">
     <span class='ocr_line' id='line_1_13' title="bbox 14 2014 1079 2114; baseline 0.001 -27"><span class='ocrx_word' id='word_1_87' title='bbox 14 2051 18 2055; x_wconf 94' lang='lat'><em>·</em></span> <span class='ocrx_word' id='word_1_88' title='bbox 62 2028 190 2101; x_wconf 80' lang='lat' dir='ltr'><strong>„maes</strong></span> <span class='ocrx_word' id='word_1_89' title='bbox 218 2014 264 2087; x_wconf 88' lang='lat' dir='ltr'><strong>ad</strong></span> <span class='ocrx_word' id='word_1_90' title='bbox 289 2014 503 2114; x_wconf 85' lang='lat' dir='ltr'><strong>coniugem,</strong></span> <span class='ocrx_word' id='word_1_91' title='bbox 538 2034 575 2088; x_wconf 90' lang='lat' dir='ltr'><strong>et</strong></span> <span class='ocrx_word' id='word_1_92' title='bbox 601 2019 715 2093; x_wconf 87' lang='lat' dir='ltr'><strong>redde</strong></span> <span class='ocrx_word' id='word_1_93' title='bbox 727 2020 773 2091; x_wconf 79' lang='lat' dir='ltr'><strong>‘te</strong></span> <span class='ocrx_word' id='word_1_94' title='bbox 803 2021 938 2091; x_wconf 86' lang='lat' dir='ltr'><strong>marito</strong></span> <span class='ocrx_word' id='word_1_95' title='bbox 965 2018 1079 2091; x_wconf 89' lang='lat' dir='ltr'><strong>mori·</strong></span> 
     </span>
     <span class='ocr_line' id='line_1_14' title="bbox 64 2138 1079 2242; baseline -0.002 -28"><span class='ocrx_word' id='word_1_96' title='bbox 64 2146 246 2242; x_wconf 71' lang='lat' dir='ltr'><strong>,gemuit</strong></span> <span class='ocrx_word' id='word_1_97' title='bbox 285 2138 391 2212; x_wconf 85' lang='lat' dir='ltr'><strong>Cedit</strong></span> <span class='ocrx_word' id='word_1_98' title='bbox 415 2142 626 2213; x_wconf 82' lang='lat' dir='ltr'><strong>auctoritati</strong></span> <span class='ocrx_word' id='word_1_99' title='bbox 650 2141 833 2215; x_wconf 82' lang='lat' dir='ltr'><strong>suadentis</strong></span> <span class='ocrx_word' id='word_1_100' title='bbox 858 2140 930 2212; x_wconf 82' lang='lat' dir='ltr'><strong>filii</strong></span> <span class='ocrx_word' id='word_1_101' title='bbox 952 2145 1079 2237; x_wconf 88' lang='lat' dir='ltr'><strong>Olym·</strong></span> 
     </span>
     <span class='ocr_line' id='line_1_15' title="bbox 64 2264 1080 2365; baseline -0.001 -26"><span class='ocrx_word' id='word_1_102' title='bbox 64 2268 164 2365; x_wconf 78' lang='lat' dir='ltr'><strong>pia&#39;s,</strong></span> <span class='ocrx_word' id='word_1_103' title='bbox 205 2282 242 2337; x_wconf 87' lang='lat' dir='ltr'><strong>et</strong></span> <span class='ocrx_word' id='word_1_104' title='bbox 274 2264 367 2337; x_wconf 87' lang='lat' dir='ltr'><strong>duce</strong></span> <span class='ocrx_word' id='word_1_105' title='bbox 399 2265 465 2335; x_wconf 86' lang='lat' dir='ltr'><strong>tali</strong></span> <span class='ocrx_word' id='word_1_106' title='bbox 489 2268 634 2337; x_wconf 87' lang='lat' dir='ltr'><strong>revenit</strong></span> <span class='ocrx_word' id='word_1_107' title='bbox 667 2266 713 2337; x_wconf 88' lang='lat' dir='ltr'><strong>ad</strong></span> <span class='ocrx_word' id='word_1_108' title='bbox 737 2269 924 2350; x_wconf 73' lang='lat' dir='ltr'><strong>maritum,</strong></span> <span class='ocrx_word' id='word_1_109' title='bbox 974 2274 1080 2338; x_wconf 80' lang='lat' dir='ltr'><strong>Tunc</strong></span> 
     </span>
     <span class='ocr_line' id='line_1_16' title="bbox 67 2390 1200 2486; baseline -0.004 -20"><span class='ocrx_word' id='word_1_110' title='bbox 67 2392 289 2472; x_wconf 76' lang='lat' dir='ltr'><strong>Alexander:</strong></span> <span class='ocrx_word' id='word_1_111' title='bbox 324 2399 401 2473; x_wconf 78' lang='lat' dir='ltr'><strong>„En</strong></span> <span class='ocrx_word' id='word_1_112' title='bbox 419 2390 510 2472; x_wconf 86' lang='lat' dir='ltr'><strong>tibi,</strong></span> <span class='ocrx_word' id='word_1_113' title='bbox 535 2393 877 2485; x_wconf 66' lang='lat' dir='ltr'><strong>pater,.Olympias</strong></span> <span class='ocrx_word' id='word_1_114' title='bbox 896 2405 961 2468; x_wconf 79' lang='lat' dir='ltr'><strong>tuo</strong></span> <span class='ocrx_word' id='word_1_115' title='bbox 981 2392 1083 2486; x_wconf 84' lang='lat' dir='ltr'><strong>(iam</strong></span> <span class='ocrx_word' id='word_1_116' title='bbox 1197 2410 1200 2417; x_wconf 89' lang='grc'><strong><em>·</em></strong></span> 
     </span>
     <span class='ocr_line' id='line_1_17' title="bbox 69 2512 1091 2610; baseline -0.005 -20"><span class='ocrx_word' id='word_1_117' title='bbox 69 2519 196 2608; x_wconf 87' lang='lat' dir='ltr'><strong>,enim</strong></span> <span class='ocrx_word' id='word_1_118' title='bbox 219 2534 258 2587; x_wconf 85' lang='lat' dir='ltr'><strong>te</strong></span> <span class='ocrx_word' id='word_1_119' title='bbox 281 2531 435 2610; x_wconf 83' lang='lat' dir='ltr'><strong>paterno</strong></span> <span class='ocrx_word' id='word_1_120' title='bbox 463 2515 615 2584; x_wconf 88' lang='lat' dir='ltr'><strong>nomine</strong></span> <span class='ocrx_word' id='word_1_121' title='bbox 636 2515 836 2610; x_wconf 87' lang='lat' dir='ltr'><strong>usurpab0,</strong></span> <span class='ocrx_word' id='word_1_122' title='bbox 864 2513 965 2583; x_wconf 89' lang='lat' dir='ltr'><strong>ouius</strong></span> <span class='ocrx_word' id='word_1_123' title='bbox 991 2512 1091 2585; x_wconf 83' lang='lat' dir='ltr'><strong>adeo&#39;</strong></span> 
     </span>
     <span class='ocr_line' id='line_1_18' title="bbox 66 2636 1083 2735; baseline -0.007 -18"><span class='ocrx_word' id='word_1_124' title='bbox 66 2644 214 2733; x_wconf 81' lang='lat' dir='ltr'><strong>,libens</strong></span> <span class='ocrx_word' id='word_1_125' title='bbox 244 2638 356 2712; x_wconf 81' lang='lat' dir='ltr'><strong>fueris</strong></span> <span class='ocrx_word' id='word_1_126' title='bbox 395 2637 574 2730; x_wconf 84' lang='lat' dir='ltr'><strong>auditor).</strong></span> <span class='ocrx_word' id='word_1_127' title='bbox 626 2639 742 2735; x_wconf 83' lang='lat' dir='ltr'><strong>Igitur</strong></span> <span class='ocrx_word' id='word_1_128' title='bbox 776 2653 813 2707; x_wconf 91' lang='lat' dir='ltr'><strong>et</strong></span> <span class='ocrx_word' id='word_1_129' title='bbox 845 2653 1012 2732; x_wconf 84' lang='lat' dir='ltr'><strong>precator</strong></span> <span class='ocrx_word' id='word_1_130' title='bbox 1036 2636 1083 2711; x_wconf 85' lang='lat' dir='ltr'><strong>ad</strong></span> 
     </span>
     <span class='ocr_line' id='line_1_19' title="bbox 39 2758 1135 2863; baseline -0.004 -24"><span class='ocrx_word' id='word_1_131' title='bbox 39 2792 180 2856; x_wconf 83' lang='lat' dir='ltr'><strong>·,eam</strong></span> <span class='ocrx_word' id='word_1_132' title='bbox 203 2764 282 2863; x_wconf 71' lang='lat' dir='ltr'><strong>lui,</strong></span> <span class='ocrx_word' id='word_1_133' title='bbox 318 2779 355 2834; x_wconf 89' lang='lat' dir='ltr'><strong>et</strong></span> <span class='ocrx_word' id='word_1_134' title='bbox 379 2761 538 2833; x_wconf 78' lang='lat' dir='ltr'><strong>remittit</strong></span> <span class='ocrx_word' id='word_1_135' title='bbox 569 2758 640 2832; x_wconf 87' lang='lat' dir='ltr'><strong>tibi</strong></span> <span class='ocrx_word' id='word_1_136' title='bbox 664 2760 841 2832; x_wconf 90' lang='lat' dir='ltr'><strong>meritum</strong></span> <span class='ocrx_word' id='word_1_137' title='bbox 866 2777 973 2830; x_wconf 90' lang='lat' dir='ltr'><strong>tuum</strong></span> <span class='ocrx_word' id='word_1_138' title='bbox 998 2761 1084 2835; x_wconf 85' lang='lat' dir='ltr'><strong>abo·</strong></span> <span class='ocrx_word' id='word_1_139' title='bbox 1130 2850 1135 2860; x_wconf 91' lang='lat'><strong>.</strong></span> 
     </span>
     <span class='ocr_line' id='line_1_20' title="bbox 69 2876 1083 2986; baseline -0.005 -21"><span class='ocrx_word' id='word_1_140' title='bbox 69 2876 275 2981; x_wconf 85' lang='lat' dir='ltr'><strong>,litionem</strong></span> <span class='ocrx_word' id='word_1_141' title='bbox 307 2889 428 2960; x_wconf 82' lang='lat' dir='ltr'><strong>omnis</strong></span> <span class='ocrx_word' id='word_1_142' title='bbox 459 2886 626 2956; x_wconf 90' lang='lat' dir='ltr'><strong>iniuriae.</strong></span> <span class='ocrx_word' id='word_1_143' title='bbox 676 2887 783 2986; x_wconf 84' lang='lat' dir='ltr'><strong>Agite</strong></span> <span class='ocrx_word' id='word_1_144' title='bbox 815 2886 929 2985; x_wconf 85' lang='lat' dir='ltr'><strong>igitur</strong></span> <span class='ocrx_word' id='word_1_145' title='bbox 951 2911 1083 2981; x_wconf 83' lang='lat' dir='ltr'><strong>quaeso</strong></span> 
     </span>
     <span class='ocr_line' id='line_1_21' title="bbox 70 3005 1084 3116; baseline -0.002 -27"><span class='ocrx_word' id='word_1_146' title='bbox 70 3032 182 3116; x_wconf 82' lang='lat' dir='ltr'><strong>,post</strong></span> <span class='ocrx_word' id='word_1_147' title='bbox 220 3014 314 3084; x_wconf 88' lang='lat' dir='ltr'><strong>iram</strong></span> <span class='ocrx_word' id='word_1_148' title='bbox 352 3005 635 3112; x_wconf 81' lang='lat' dir='ltr'><strong>integrationem</strong></span> <span class='ocrx_word' id='word_1_149' title='bbox 675 3012 875 3111; x_wconf 83' lang='lat' dir='ltr'><strong>coniugalis</strong></span> <span class='ocrx_word' id='word_1_150' title='bbox 918 3014 1084 3095; x_wconf 80' lang='lat' dir='ltr'><strong>affectus.</strong></span> 
     </span>
     <span class='ocr_line' id='line_1_22' title="bbox 72 3133 1088 3236; baseline -0.002 -18"><span class='ocrx_word' id='word_1_151' title='bbox 72 3150 179 3232; x_wconf 75' lang='lat' dir='ltr'><strong>,Nec</strong></span> <span class='ocrx_word' id='word_1_152' title='bbox 208 3140 258 3212; x_wconf 83' lang='lat' dir='ltr'><strong>ait</strong></span> <span class='ocrx_word' id='word_1_153' title='bbox 288 3136 503 3236; x_wconf 89' lang='lat' dir='ltr'><strong>pudendum</strong></span> <span class='ocrx_word' id='word_1_154' title='bbox 525 3137 564 3206; x_wconf 69' lang='lat' dir='ltr'><strong>ei</strong></span> <span class='ocrx_word' id='word_1_155' title='bbox 590 3133 688 3208; x_wconf 80' lang='lat' dir='ltr'><strong>filius</strong></span> <span class='ocrx_word' id='word_1_156' title='bbox 717 3139 765 3211; x_wconf 87' lang='lat' dir='ltr'><strong>sit</strong></span> <span class='ocrx_word' id='word_1_157' title='bbox 789 3140 1001 3235; x_wconf 80' lang='lat' dir='ltr'><strong>parentibus</strong></span> <span class='ocrx_word' id='word_1_158' title='bbox 1027 3167 1088 3216; x_wconf 89' lang='lat' dir='ltr'><strong>co·</strong></span> 
     </span>
     <span class='ocr_line' id='line_1_23' title="bbox 74 3251 1116 3366; baseline -0.003 -26"><span class='ocrx_word' id='word_1_159' title='bbox 74 3270 273 3366; x_wconf 74' lang='lat' dir='ltr'><strong>„pulaton⁴&lt;</strong></span> <span class='ocrx_word' id='word_1_160' title='bbox 310 3265 378 3336; x_wconf 90' lang='lat' dir='ltr'><strong>His</strong></span> <span class='ocrx_word' id='word_1_161' title='bbox 403 3261 510 3333; x_wconf 83' lang='lat' dir='ltr'><strong>dictis</strong></span> <span class='ocrx_word' id='word_1_162' title='bbox 527 3261 705 3356; x_wconf 85' lang='lat' dir='ltr'><strong>impetrat</strong></span> <span class='ocrx_word' id='word_1_163' title='bbox 727 3264 826 3360; x_wconf 89' lang='lat' dir='ltr'><strong>quod</strong></span> <span class='ocrx_word' id='word_1_164' title='bbox 845 3263 1006 3341; x_wconf 84' lang='lat' dir='ltr'><strong>laborat:</strong></span> <span class='ocrx_word' id='word_1_165' title='bbox 1032 3265 1087 3338; x_wconf 89' lang='lat' dir='ltr'><strong>id·-</strong></span> <span class='ocrx_word' id='word_1_166' title='bbox 1115 3251 1116 3254; x_wconf 8' lang='grc' dir='ltr'><strong>Ἴ</strong></span> 
     </span>
    </p>
   </div>
   <div class='ocr_carea' id='block_1_6' title="bbox 77 3584 1096 4006">
    <p class='ocr_par' dir='ltr' id='par_1_8' title="bbox 77 3584 1090 3733">
     <span class='ocr_line' id='line_1_24' title="bbox 128 3584 1090 3668; baseline 0.003 -25"><span class='ocrx_word' id='word_1_167' title='bbox 128 3584 177 3668; x_wconf 83' lang='lat' dir='ltr'><strong>(t)</strong></span> <span class='ocrx_word' id='word_1_168' title='bbox 198 3590 249 3646; x_wconf 80' lang='lat' dir='ltr'><strong>Mt</strong></span> <span class='ocrx_word' id='word_1_169' title='bbox 264 3592 397 3648; x_wconf 87' lang='lat' dir='ltr'><strong>feminino</strong></span> <span class='ocrx_word' id='word_1_170' title='bbox 415 3609 523 3665; x_wconf 81' lang='lat' dir='ltr'><strong>genere,</strong></span> <span class='ocrx_word' id='word_1_171' title='bbox 545 3587 619 3663; x_wconf 75' lang='lat' dir='ltr'><strong>quod</strong></span> <span class='ocrx_word' id='word_1_172' title='bbox 635 3604 662 3643; x_wconf 88' lang='lat' dir='ltr'><strong>et</strong></span> <span class='ocrx_word' id='word_1_173' title='bbox 681 3590 797 3643; x_wconf 88' lang='lat' dir='ltr'><strong>aliorum</strong></span> <span class='ocrx_word' id='word_1_174' title='bbox 813 3604 952 3644; x_wconf 84' lang='lat' dir='ltr'><strong>auctorum</strong></span> <span class='ocrx_word' id='word_1_175' title='bbox 968 3592 1090 3665; x_wconf 82' lang='lat' dir='ltr'><strong>exempla</strong></span> 
     </span>
     <span class='ocr_line' id='line_1_25' title="bbox 77 3678 249 3733; baseline -0.023 0"><span class='ocrx_word' id='word_1_176' title='bbox 77 3678 249 3733; x_wconf 76' lang='lat' dir='ltr'><strong>confirmant.</strong></span> 
     </span>
    </p>

    <p class='ocr_par' dir='ltr' id='par_1_9' title="bbox 78 3749 1096 4006">
     <span class='ocr_line' id='line_1_26' title="bbox 124 3749 1090 3841; baseline -0.001 -24"><span class='ocrx_word' id='word_1_177' title='bbox 124 3757 174 3841; x_wconf 82' lang='lat' dir='ltr'><strong>(t)</strong></span> <span class='ocrx_word' id='word_1_178' title='bbox 197 3762 337 3817; x_wconf 83' lang='lat' dir='ltr'><strong>Nimirum</strong></span> <span class='ocrx_word' id='word_1_179' title='bbox 353 3749 497 3832; x_wconf 74' lang='lat' dir='ltr'><strong>Olympiae</strong></span> <span class='ocrx_word' id='word_1_180' title='bbox 517 3773 581 3813; x_wconf 85' lang='lat' dir='ltr'><strong>ante</strong></span> <span class='ocrx_word' id='word_1_181' title='bbox 597 3760 718 3813; x_wconf 74' lang='lat' dir='ltr'><strong>confessa</strong></span> <span class='ocrx_word' id='word_1_182' title='bbox 736 3761 827 3813; x_wconf 85' lang='lat' dir='ltr'><strong>fuerat</strong></span> <span class='ocrx_word' id='word_1_183' title='bbox 845 3759 1016 3828; x_wconf 83' lang='lat' dir='ltr'><strong>Alexandro,</strong></span> <span class='ocrx_word' id='word_1_184' title='bbox 1039 3780 1090 3836; x_wconf 71' lang='lat'><strong>”-</strong></span> 
     </span>
     <span class='ocr_line' id='line_1_27' title="bbox 79 3845 1096 3919; baseline 0.002 -20"><span class='ocrx_word' id='word_1_185' title='bbox 79 3863 153 3905; x_wconf 77' lang='lat' dir='ltr'><strong>trem</strong></span> <span class='ocrx_word' id='word_1_186' title='bbox 181 3849 240 3900; x_wconf 85' lang='lat' dir='ltr'><strong>eiua</strong></span> <span class='ocrx_word' id='word_1_187' title='bbox 267 3845 351 3899; x_wconf 80' lang='lat' dir='ltr'><strong>fuisse</strong></span> <span class='ocrx_word' id='word_1_188' title='bbox 372 3847 559 3901; x_wconf 81' lang='lat' dir='ltr'><strong>Nectanabum</strong></span> <span class='ocrx_word' id='word_1_189' title='bbox 581 3846 756 3918; x_wconf 75' lang='lat' dir='ltr'><strong>aegyptium,</strong></span> <span class='ocrx_word' id='word_1_190' title='bbox 779 3845 827 3918; x_wconf 87' lang='lat' dir='ltr'><strong>qui</strong></span> <span class='ocrx_word' id='word_1_191' title='bbox 847 3863 876 3899; x_wconf 76' lang='lat' dir='ltr'><strong>ae</strong></span> <span class='ocrx_word' id='word_1_192' title='bbox 894 3848 1005 3919; x_wconf 74' lang='lat' dir='ltr'><strong>magicis</strong></span> <span class='ocrx_word' id='word_1_193' title='bbox 1023 3846 1096 3901; x_wconf 65' lang='lat' dir='ltr'><strong>arti*</strong></span> 
     </span>
     <span class='ocr_line' id='line_1_28' title="bbox 78 3931 1091 4006; baseline -0.002 -19"><span class='ocrx_word' id='word_1_194' title='bbox 78 3936 131 3991; x_wconf 74' lang='lat' dir='ltr'><strong>bur</strong></span> <span class='ocrx_word' id='word_1_195' title='bbox 157 3933 194 3987; x_wconf 88' lang='lat' dir='ltr'><strong>ad</strong></span> <span class='ocrx_word' id='word_1_196' title='bbox 219 3931 349 4003; x_wconf 83' lang='lat' dir='ltr'><strong>probrum</strong></span> <span class='ocrx_word' id='word_1_197' title='bbox 368 3932 502 3987; x_wconf 81' lang='lat' dir='ltr'><strong>illexerat.</strong></span> <span class='ocrx_word' id='word_1_198' title='bbox 542 3933 612 3985; x_wconf 86' lang='lat' dir='ltr'><strong>Eam</strong></span> <span class='ocrx_word' id='word_1_199' title='bbox 639 3932 835 3986; x_wconf 70' lang='lat' dir='ltr'><strong>consutionem</strong></span> <span class='ocrx_word' id='word_1_200' title='bbox 861 3944 975 4006; x_wconf 75' lang='lat' dir='ltr'><strong>uterque</strong></span> <span class='ocrx_word' id='word_1_201' title='bbox 996 3934 1091 3987; x_wconf 78' lang='lat' dir='ltr'><strong>reuirat</strong></span> 
     </span>
    </p>
   </div>
   <div class='ocr_carea' id='block_1_7' title="bbox 77 4014 1014 4146">
    <p class='ocr_par' dir='ltr' id='par_1_10' title="bbox 77 4014 1014 4146">
     <span class='ocr_line' id='line_1_29' title="bbox 77 4014 1014 4146; baseline 0.002 -76"><span class='ocrx_word' id='word_1_202' title='bbox 77 4036 192 4095; x_wconf 71' lang='lat' dir='ltr'><strong>graecus</strong></span> <span class='ocrx_word' id='word_1_203' title='bbox 215 4030 242 4070; x_wconf 85' lang='lat' dir='ltr'><strong>et</strong></span> <span class='ocrx_word' id='word_1_204' title='bbox 253 4014 352 4071; x_wconf 83' lang='lat' dir='ltr'><strong>latinua</strong></span> <span class='ocrx_word' id='word_1_205' title='bbox 368 4017 455 4072; x_wconf 79' lang='lat' dir='ltr'><strong>andex</strong></span> <span class='ocrx_word' id='word_1_206' title='bbox 470 4017 661 4071; x_wconf 76' lang='lat' dir='ltr'><strong>ambrosianus.</strong></span> <span class='ocrx_word' id='word_1_207' title='bbox 840 4101 861 4146; x_wconf 56' lang='grc' dir='ltr'><strong><em>Ω</em></strong></span> <span class='ocrx_word' id='word_1_208' title='bbox 878 4095 897 4135; x_wconf 46' lang='grc'><strong>1,</strong></span> <span class='ocrx_word' id='word_1_209' title='bbox 912 4066 924 4079; x_wconf 81' lang='grc'><strong>,</strong></span> <span class='ocrx_word' id='word_1_210' title='bbox 1010 4093 1014 4104; x_wconf 37' lang='grc' dir='ltr'>Ι</span> 
     </span>
    </p>
   </div>
   <div class='ocr_carea' id='block_1_8' title="bbox 0 0 1424 4934">
    <p class='ocr_par' dir='ltr' id='par_1_11' title="bbox 0 0 1424 4934">
     <span class='ocr_line' id='line_1_30' title="bbox 0 0 1424 4934; baseline 0 0"><span class='ocrx_word' id='word_1_211' title='bbox 0 0 1424 4934; x_wconf 95' lang='lat' dir='ltr'><strong> </strong></span> 
     </span>
    </p>
   </div>
  </div>
 </body>
</html>
