2776 4934
403 387 671 459 ALEXANDRI
1002 392 1043 458 41

10 560 216 661 'peperero
259 565 385 637 Arce‘ri
416 564 551 660 quippe
582 585 646 632 rex
677 558 780 636 aditu
805 561 950 648 dolens,
986 589 1046 635 ur·

29 688 120 760 bem
145 686 314 761 obsidere
338 689 511 762 instituit.
569 696 623 759 Ea
648 693 765 782 Tyros
787 689 908 763 insula
933 690 1046 768 etiam

30 833 121 888 tunc
146 833 225 886 erat
251 815 351 885 haud
374 800 507 910 procul
537 813 766 899 continente,
810 812 900 885 adeo
927 833 971 885 ut
994 813 1047 884 fa-

31 941 107 1015 oile
146 941 217 1014 sibi
259 941 463 1013 Alexander
501 939 724 1023 vindicaret,
765 939 865 1035 quod
898 941 1048 1040 adgestu

31 1069 133 1140 iacto
169 1091 249 1139 eam
288 1065 419 1137 urbem
450 1084 582 1137 terrac·
601 1066 804 1137 continuet.
854 1071 972 1159 Inque
1009 1063 1049 1135 id
1084 1095 1091 1127 ι

32 1192 205 1295 protinus
232 1218 253 1262 e
276 1190 412 1264 Sidone
434 1217 544 1263 naves
570 1192 783 1272 acciuntur,
806 1213 968 1284 „unaque
993 1189 1050 1260 his

35 1291 265 1388 (ierdstratus
290 1342 355 1386 rex
377 1315 485 1391 Aradi
513 1317 633 1398 venit,
667 1316 798 1399 relicto
824 1330 964 1409 satrapa
980 1320 1051 1385 Au·

34 1433 253 1534 tophradate
287 1458 324 1511 et
352 1442 500 1513 Medica
536 1442 715 1514 amicitia:
756 1440 931 1512 Poenices
960 1462 1063 1532 quoq
1121 1464 1124 1469 ⁴

35 1589 108 1659 que
134 1583 172 1649 et
195 1564 333 1636 Rhodii
357 1568 572 1660 Soliique(“³
600 1567 696 1636 vecti
722 1563 895 1636 classibus
921 1562 1055 1634 suiset

35 1714 111 1759 nna
135 1689 312 1760 Mallonii
338 1692 536 1784 Cypriique
571 1689 680 1758 utiles
711 1686 812 1760 bello
838 1687 960 1758 navali
983 1692 1056 1778 Ly.-

38 1793 416 1908 ciiqueflfadfuere,
454 1813 654 1912 adgregatis
682 1812 793 1882 etiam
815 1836 860 1883 ex
885 1809 1057 1882 Macedo·

37 1941 98 2008 nia
129 1937 284 2011 navibus
303 1951 304 1954 ’
320 1939 374 2007 ac'
393 1937 585 2009 militibus.
635 1945 750 2010 Iusto
784 1937 859 2007 iam
896 1935 1056 2030 denique

38 2065 214 2159 apparatu
245 2088 339 2158 opus
374 2065 512 2158 coepit:
548 2062 672 2135 triduo
704 2060 814 2132 facile
853 2058 1052 2132 laboratur.

36 2182 187 2264 Hinc&
211 2188 517 2262 machinamentis
540 2187 698 2262 admotis
724 2187 955 2281 disiectisque
974 2211 1054 2261 tnu-

37 2315 88 2385 ris
113 2331 151 2386 et
173 2313 421 2386 internicione
445 2314 579 2386 incolis
604 2313 737 2396 caesis,
779 2312 975 2384 obtimates
1001 2288 1056 2381 ta³

37 2465 125 2510 men
155 2414 262 2534 pauci
294 2439 334 2509 in
367 2440 542 2512 Herculis,
569 2440 713 2534 templo
746 2438 882 2532 reperti
913 2438 1055 2508 honore

36 2565 212 2634 Numinis
237 2564 471 2657 sospitantur.

115 2692 245 2759 XLIII.
269 2692 371 2757 Haec
403 2685 494 2755 dum
525 2688 618 2779 Tyri
642 2704 835 2785 geruntur,
870 2685 975 2756 Darii
1004 2685 1056 2754 le·
1096 2743 1175 2801 „mi
1190 2746 1232 2800 k·

36 2812 142 2915 gatio
176 2810 320 2882 revenit
350 2833 419 2878 ceu
451 2833 484 2878 st
471 2808 572 2858 ‘’l‘’
561 2833 601 2878 m
633 2808 806 2879 auctione
837 2809 940 2905 regni
969 2831 1057 2903 pau·
1069 2829 1143 2900 gatto
1165 2833 1237 2898 urea

37 2962 121 3012 sam
146 2933 255 3006 malis
272 2931 523 3028 praesentibus
542 2949 671 3029 patena
688 2932 799 3028 pretii
815 2931 1055 3005 delinimento
1068 2914 1234 3056 xm*

37 3059 233 3161 (luorique
266 3055 524 3128 additamentis
563 3051 682 3130 livens
719 3057 859 3159 gloriae
895 3057 1109 3160 conpeti-
1169 3096 1178 3112 ·

10 3185 163 3278 riori)
198 3205 273 3280 quo
288 3181 327 3232 (⁸)
358 3207 442 3278 pars
475 3182 595 3276 major
627 3184 846 3256 mortalium
876 3182 1058 3253 vincitura

65 3380 105 3430 ‹a›
122 3375 187 3422 coa.
202 3371 248 3423 oet
267 3354 363 3421 inaura
381 3369 479 3421 otiare.
506 3370 542 3429 (t)
563 3376 628 3423 coa.
646 3374 699 3423 aa.
726 3377 760 3428 (ο)
778 3379 818 3422 ιιι
835 3374 894 3420 eon·

38 3453 1060 3483 ——nu———w-——u-——n-——n-——uud

91 3525 136 3606 (1)
159 3528 401 3587 conmutata
448 3531 562 3600 Corrigo
589 3545 681 3585 autem
703 3533 838 3605 Lyriz'qua
861 3532 952 3604 patius
976 3549 1057 3604 quam

46 3615 207 3690 Lydiique.
214 3617 329 3685 :Lycios
346 3616 420 3669 enim
437 3619 545 3684 Tyrum
568 3616 713 3669 auxiliares
732 3617 892 3671 Alexandro
912 3616 987 3670 ducit
1001 3617 1059 3672 Ar

42 3701 140 3754 rianua
161 3703 196 3753 II.
218 3711 259 3753 aa.
282 3719 344 3755 cum
363 3702 540 3767 cerostrata,
572 3701 762 3770 Phoenicibus,
790 3701 926 3768 Rhodiis,
956 3702 1058 3770 sotiis.

40 3784 188 3844 Malloniis
208 3787 379 3860 Cypriisque.

88 3863 138 3946 (2)
164 3871 234 3950 Quo·
245 3873 361 3927 refertur
386 3871 422 3939 ad
445 3868 637 3943 delinimento,
657 3868 775 3954 ideoque
796 3862 957 3974 inlerpotita
976 3874 1058 3926 verbi

38 3955 199 4031 parenthesi
220 3956 328 4011 inclusi

798 4070 830 4151 'a
