2776 4934
550 443 628 506 suv
650 444 782 512 nunu
801 445 828 508 1.
984 507 992 515 „
1136 434 1195 515 rs's

179 613 312 708 pondit
356 613 506 688 ducibus
539 606 771 688 memoratis:
822 621 950 701 ,Ultra
981 623 1057 696 illis
1091 651 1194 720 spem

178 738 301 820 ,vitae
341 739 503 839 agendae
529 741 572 794 (⁶)
605 743 680 812 iam
712 728 983 838 deponendam,
1017 751 1048 820 si
1080 751 1193 838 modo

176 909 192 944 s
203 862 351 937 creditis
376 865 448 937 sibi
473 862 609 971 finibus
623 863 874 939 abscessissent
889 870 938 941 (ι).
965 875 1109 971 Quippe
1121 878 1192 961 vir.

176 1035 191 1071 „
201 1007 296 1061 tutes
321 992 478 1064 hosticas
504 987 697 1087 magnifice
716 1011 885 1064 executos
910 995 1073 1070 nihilum
1098 1002 1193 1096 peri·

175 1159 190 1195 „
202 1115 275 1184 culi
300 1118 578 1200 monstravisse,
606 1106 725 1211 quare'
742 1115 949 1189 abscessum
970 1116 1007 1174 (ἦ)
1032 1124 1086 1196 ire
1111 1129 1192 1196 Ma·

174 1239 383 1321 „cedonum
423 1243 645 1316 fortitudine
661 1244 699 1296 (⁶)
732 1245 950 1338 potuissent.
1001 1255 1049 1318 Et
1080 1274 1191 1346 quem

173 1366 298 1445 „enim
323 1368 574 1453 vulneratum,
600 1368 741 1464 iuquit,
768 1389 934 1442 vestrum
960 1396 1117 1466 quemve
1135 1376 1192 1446 in·

172 1507 421 1589 ,teremptum
436 1495 585 1566 audiens
611 1496 682 1567 hoc
698 1493 933 1566 coniectem?
959 1497 1066 1566 Nihil
1078 1497 1192 1596 igitur

172 1659 187 1695 ,‚
198 1639 397 1710 superesse,
434 1645 543 1715 quam
581 1623 637 1693 uti
669 1619 805 1714 probra
837 1620 948 1694 fuisse
979 1621 1191 1698 huiusmodi

171 1783 186 1818 ,‚
197 1738 304 1819 duces
328 1749 520 1818 Persarum
545 1770 657 1844 regno
683 1745 868 1851 sentiret«.
908 1745 978 1816 Sed
994 1748 1091 1819 inter
1101 1749 1191 1820 haec

172 1865 247 1955 iam
272 1869 519 1949 Alexandrum
554 1873 688 1942 iuxtim
715 1873 880 1965 posuisse
905 1889 1019 1977 castra
1047 1874 1184 1954 noscit,

170 2008 397 2090 propterque
433 1996 612 2071 ricinum,
633 1995 787 2066 fluvium
820 1996 1018 2066 invisitare.
1070 1999 1189 2095 Igitur

171 2118 216 2187 ad
248 2119 370 2213 ipsum
402 2146 523 2192 rursus
562 2138 599 2192 et
628 2121 825 2192 nominum
865 2121 1110 2223 arrogantiam
1150 2139 1188 2193 et

169 2246 335 2314 Deorum
361 2247 592 2318 consortium
618 2244 689 2318 sibi
706 2247 919 2328 vendicans,
946 2237 1187 2343 gentiumque

169 2393 207 2438 se
233 2388 383 2441 centum
408 2390 517 2466 atque
534 2373 670 2471 viginti
687 2372 881 2445 dominum
906 2370 1118 2467 praedicans
1132 2374 1185 2444 ita

167 2470 307 2576 scribit,

246 2624 305 2690 LI.
339 2663 354 2703 ,‚
364 2618 489 2690 Latuit
513 2644 560 2691 ne
585 2638 623 2691 te
647 2622 788 2702 solum,
825 2619 1042 2703 Alexander,
1072 2621 1185 2703 ¹[iurii
1217 2600 1361 2696 Aliam-

169 2771 332 2832 „nomen
358 2747 548 2838 honosque
573 2746 638 2817 ille
663 2772 736 2842 quo
764 2769 831 2817 nos
849 2744 962 2815 donat
975 2763 1086 2840 atque
1103 2771 1184 2841 par·
1196 2722 1360 2867 3AE:12³

167 2873 322 2966 ,ticipat
365 2894 495 2964 supera
537 2870 751 2950 maiestas?-
774 2884 893 2966 eoque
931 2894 1037 2941 ausus
1078 2897 1115 2944 es
1143 2866 1285 2952 <arm

167 2997 401 3084 ,transmisso
427 2994 522 3095 mari
547 3001 670 3068 Persas
696 2996 812 3068 veluti
830 2994 947 3066 hostis
972 2988 1183 3093 appellare?

167 3151 267 3210 ,nou
301 3118 555 3195 beatissimum
587 3140 688 3194 ratus
721 3123 752 3194 si
789 3109 984 3194 contentus
1004 3113 1008 3117 ¹
1026 3121 1183 3217 imperio

166 3251 313 3336 ,Pellae
339 3273 380 3319 sc
389 3247 638 3320 ‘Macedoniae
653 3273 755 3330 sessu
764 3245 954 3319 audaciam
969 3264 1072 3318 tuam
1088 3249 1185 3321 inter

132 3398 134 3403 ·
167 3374 378 3470 ,proximos
404 3371 616 3445 iactitares?
658 3375 856 3445 Enimvero
890 3397 1041 3469 usurpas
1061 3373 1097 3425 (θ)
1128 3394 1185 3448 re·

167 3501 291 3599 ,gium
318 3494 473 3584 nomen,
500 3517 538 3572 et
559 3517 774 3600 congregata
801 3493 872 3566 tibi
897 3496 943 3567 ad
969 3500 1187 3606 societatem

192 3750 233 3800 (a)
250 3748 311 3795 cod.
325 3710 414 3810 agere»,
436 3731 473 3800 (b)
489 3744 553 3795 cod.
569 3743 692 3793 abscessu.
715 3747 751 3798 (c)
765 3745 829 3791 eod.
842 3746 1035 3802 fortitudinem,
1064 3748 1181 3811 (meod.
1247 3772 1249 3776 ·

164 3838 214 3884 pro
230 3836 309 3870 arctus
325 3837 351 3869 ar
367 3825 446 3870 hibet
462 3837 552 3881 rursm
565 3836 607 3871 tx.
636 3823 670 3873 (e)
689 3822 754 3868 cod.
770 3835 907 3882 usmpasse
925 3835 980 3868 non
996 3823 1053 3882 rins
1066 3824 1154 3871 litura.

208 4029 253 4102 (1)
277 4029 378 4084 Confer
398 4030 536 4087 leuauit
556 4042 636 4104 caput
656 4044 724 4090 xxx.
