2776 4934
316 356 381 409 rao
606 312 881 407 ‘ALEXANDIU
901 336 1041 403 oRTvs

320 532 421 589 ratur
444 515 556 615 igitur
576 511 750 608 Philippei
774 509 873 609 regia
895 501 1166 613 sepulturaqf‘in
1190 530 1340 581 memo·

322 642 417 737 riam
442 636 603 711 eiusdem
629 635 736 709 omui
756 626 975 709 Macedonia
992 626 1043 719 ‘et'
1056 616 1197 731 reliqua
1216 620 1340 713 ,drae-

323 758 379 837 eia
405 763 646 860 conspirante.
725 860 728 865 .

193 1066 334 1128 Nm·
399 1021 496 1089 xm.
522 1014 596 1087 Ubi
620 1011 733 1113 igitur
759 1012 875 1083 amoti
906 1010 1024 1105 animi
1047 1007 1346 1089 hominum-illa

153 1156 196 1211 art
221 1136 653 1231 consueram-'novitate'
679 1138 877 1235 quietiores
905 1138 982 1233 ,visi
1012 1162 1088 1211 esse
1120 1150 1344 1233 potuerunt,

140 1244 317 1381 'dzniffl
327 1246 471 1341 scandit
505 1263 706 1341 Alexander
735 1280 908 1359 paternae
939 1280 1080 1337 statuae
1113 1276 1348 1369 suggestura,

152 1347 300 1486 latitando.
329 1412 368 1465 et
397 1400 551 1491 propter
581 1392 689 1465 illam
720 1388 887 1461 assistens
920 1387 967 1459 ad
998 1390 1088 1461 haec
1109 1386 1223 1485 rerba
1258 1411 1349 1459 con·

331 1517 516 1590 ciouatur:
565 1522 619 1601 ,O
642 1515 764 1597 Pellae
795 1515 917 1612 proles
951 1533 989 1587 et
1023 1513 1279 1597 Macedonum-
1308 1528 1349 1585 et

331 1640 634 1730 ,Atheniensium
650 1643 890 1738 Corinthique
913 1642 1106 1741 progenies
1117 1657 1347 1717 ,ceterarum-

330 1796 425 1866 „que
442 1766 611 1849 Graeciae
630 1769 797 1867 gentium
817 1769 988 1851 nomina,
1015 1786 1159 1863 tempus
1180 1765 1347 1865 estquis·

330 1895 437 1989 „quis
455 1892 661 1967 Alexandro
686 1917 763 1964 sese
789 1893 914 1985 cupiat
936 1894 1118 1978 militare,
1144 1880 1347 1987 ut'sclllcet

253 2020 280 2047 ’⁸
330 2044 454 2112 ,nunc
488 2042 625 2088 nomen
662 2016 783 2089 labori
814 2014 984 2089 fateatur.
1034 2024 1079 2091 In
1100 2042 1176 2088 eos
1208 2014 1345 2111 quippe

331 2140 600 2228 ‚militabimus
632 2139 825 2224 barbaros,
859 2143 925 2234 qui
948 2168 1017 2214 nos
1050 2141 1273 2236 iampridem
1297 2164 1346 2223 re,

177 2246 181 2253 ¹
278 2242 282 2247 Ι
332 2290 454 2355 ,nune
472 2351 473 2354 Ἴ
493 2289 582 2338 vero
622 2265 782 2360 spoliare
823 2284 982 2365 pergunt
1019 2265 1132 2338 etiam
1165 2265 1344 2359 libertate.

265 2372 274 2379 ⁸
332 2391 473 2490 ,Igitur
498 2413 625 2463 eamus
649 2389 782 2463 ducere
805 2391 847 2461 in
870 2390 1086 2475 servitutem
1112 2398 1246 2464 Persas.
1287 2392 1344 2475 Hi.

334 2515 490 2616 ,quibus
522 2534 632 2612 turpe
661 2534 739 2589 erat
762 2516 1001 2609 servientibus
1034 2540 1113 2590 non
1142 2515 1346 2603 subvenire,

335 2643 465 2729 ,enim
489 2668 587 2713 nnnc
611 2642 725 2716 etiam
749 2643 821 2738 ipsi
840 2643 1052 2729 servimus«
1067 2708 1074 2719 ,
1092 2650 1141 2714 Et
1164 2643 1255 2715 haec
1270 2645 1347 2739 qui·

337 2769 424 2843 dem
444 2768 541 2839 dicta
556 2766 809 2865 praesentibus
832 2766 956 2843 edicit.
998 2774 1141 2840 Tamen
1164 2769 1196 2841 it
1219 2769 1347 2844 eadem

333 2895 404 2967 illa
430 2895 608 2969 sententia
635 2911 674 2964 et
696 2917 763 2988 per
777 2892 919 2991 singula
939 2893 1074 2990 oppida
1100 2893 1347 2991 civitatesque,

336 3037 385 3095 ut
405 3043 578 3091 unacum
595 3016 767 3091 classibus
788 3018 847 3104 hi,
875 3019 938 3115 qui
961 3042 1149 3091 armorum
1166 3014 1346 3093 desiderio

337 3160 567 3226 tenerentur,
596 3141 641 3213 ad
655 3166 733 3215 sese
754 3141 989 3222 confluerent.
1032 3144 1148 3242 Igitur
1172 3161 1214 3213 ut
1239 3143 1273 3217 si
1297 3144 1351 3217 iu·

338 3269 529 3341 centivum
560 3266 711 3362 aliquod
738 3267 864 3341 divina
888 3291 979 3344 voce
1011 3269 1251 3341 intonavisset
1276 3295 1349 3369 quo

341 3391 487 3463 facilius
519 3390 565 3462 ad
590 3392 772 3464 eiusmodi
797 3418 888 3489 opus
919 3393 1041 3499 studia
1067 3394 1267 3467 hominum
1294 3422 1351 3469 ex·

302 3577 304 3581 .
341 3519 589 3599 ardescerent,
613 3519 665 3589 ita
690 3536 822 3592 votum
847 3535 1102 3614 certamenque
1128 3537 1205 3591 erat
1229 3525 1353 3595 Mace·

342 3640 502 3713 donibus
527 3639 725 3719 militandi,
768 3641 973 3718 Alexander
998 3643 1146 3719 aedibus
1170 3650 1352 3734 reseratis,

342 3764 477 3862 quibus
499 3767 646 3839 condita
667 3766 781 3861 patris
805 3788 906 3837 erma
927 3767 1103 3841 militaria
1128 3770 1353 3860 visebantur,

340 3890 399 3962 his
425 3914 517 3986 quos
542 3892 699 3966 inermes
724 3891 866 3965 viderat
890 3892 1093 3995 dilargitur.
