2776 4934
947 128 970 181 ΙΨ

333 384 392 449 ru
617 346 1042 447 Auuxauomomvs

331 581 406 628 sese
430 576 610 649 paravere.
643 554 862 651 Adduntque
893 555 949 627 his
979 549 1093 634 illud,
1121 536 1342 647 quingentos

330 698 487 751 amietos
514 708 534 750 e
559 681 631 751 suis
656 681 771 751 muris
796 679 961 751 insistere
987 703 1028 749 ac
1060 700 1152 748 voce
1182 675 1343 745 maxima

331 807 489 879 clamare
513 807 648 880 iussere
680 825 789 901 atque
813 802 1019 877 Alexandro
1051 801 1175 872 dicere
1198 802 1252 873 uti
1271 817 1343 917 put

332 933 474 1039 veniret
499 931 544 1000 ad
570 931 753 1026 proelium
778 950 841 1000 aut
866 929 911 1001 de
942 926 1138 1001 moenibus
1175 944 1214 999 et
1247 916 1341 999 obsi·

334 1057 444 1127 dione
458 1057 496 1106 (α)
524 1054 732 1129 discederet.
772 1054 841 1127 Sed
866 1053 912 1125 ad
937 1057 1025 1125 haec
1052 1052 1176 1123 ridens
1193 1052 1285 1131 Alex
1332 1090 1345 1104 ·

334 1182 416 1264 der,
443 1189 473 1253 Ο
500 1208 564 1252 vos
589 1161 822 1253 stultissimos
848 1179 1003 1251 dixerim
1030 1179 1094 1272 qui
1110 1169 1148 1227 (ὅ)
1173 1076 1371 1273 ουιόρ

336 1307 538 1378 custodiam
563 1308 674 1378 vestri
699 1332 892 1377 murorum
917 1305 1017 1374 vallo
1038 1302 1215 1386 teneatis,
1241 1278 1344 1373 nobis

336 1417 527 1529 praecepta
559 1432 722 1503 bellandi
759 1427 958 1529 praebetis!
1000 1430 1117 1527 Igitur
1144 1424 1347 1527 gerendum

336 1560 394 1629 his
428 1561 480 1628 ait
518 1584 677 1641 morem,
721 1558 1059 1652 proeliaturumque
1095 1579 1133 1624 se
1166 1552 1345 1632 minatur,

339 1711 415 1756 non
442 1709 482 1755 ea
509 1703 632 1755 tamen
661 1684 836 1779 opinione
872 1656 1055 1777 quacum
1084 1677 1250 1752 fortibus
1286 1675 1347 1747 dis·-

202 1862 209 1875 ·
265 1866 273 1880 .
341 1811 563 1905 cep'taretss).

177 1964 331 2019 Thebarum
417 1941 526 2006 LXV.
558 1932 707 2007 Etenim
731 1935 898 2027 protinus
931 1932 1035 2005 iubet
1065 1930 1172 2000 mille
1205 1927 1347 2033 qui-dem

169 2048 314 2104 ⁰¹⁰³di¹¹¹¹¹⁶
343 2061 482 2155 equites
507 2057 782 2128 circumvallare
815 2085 876 2131 eos
903 2060 966 2154 qui
1006 2059 1045 2127 in
1077 2082 1189 2128 muro
1224 2055 1348 2127 consti·

344 2201 479 2263 terant3
508 2181 649 2276 pedites
681 2208 768 2251 vero
804 2184 991 2254 securibus
1023 2182 1262 2279 vectibusque
1298 2180 1348 2251 ad·

342 2307 442 2408 gredi
469 2308 623 2376 claustra
648 2324 837 2406 portarum
863 2333 904 2378 ac
930 2308 1171 2380 fundamenta
1188 2306 1350 2380 subruere

343 2458 544 2506 murorum.
578 2439 665 2503 Non
691 2433 789 2502 enirn
813 2432 965 2509 difficile
985 2416 1060 2507 esse
1085 2434 1126 2503 id
1151 2430 1350 2504 aedificium

345 2563 454 2632 armis
481 2558 663 2639 excidere,
692 2558 791 2652 quod
816 2587 882 2656 per
907 2564 1008 2655 lyrae
1033 2579 1161 2632 cantus
1189 2576 1227 2629 et
1253 2558 1350 2627 musi·

347 2714 427 2760 cam
459 2685 696 2755 tamultuario
731 2687 982 2758 convenisset:
1024 2707 1062 2759 et
1100 2686 1232 2757 statim
1272 2658 1350 2753 inici

346 2812 509 2882 flammas
535 2811 736 2903 arietesque
762 2810 933 2881 aduroiiri
958 2813 1078 2894 iubet,
1107 2836 1276 2907 quorum
1291 2834 1351 2881 cre·

335 2937 414 3009 bro
442 2953 478 3006 et
503 2936 713 3005 vehementi
745 2936 944 3008 admodum
969 2940 1080 3032 pulsu
1104 2962 1186 3008 non
1214 2934 1352 3033 difficile

347 3089 416 3134 nec
442 3061 504 3131 diu
531 3084 635 3149 casus,
657 3061 828 3132 omnium
861 3081 916 3133 est
948 3081 1122 3134 moratus.
1158 3030 1250 3158 Ipise
1281 3086 1348 3134 veru

349 3166 437 3261 cum
458 3185 563 3256 mille
587 3183 836 3256 funditoribus
861 3188 1017 3259 totidem
1034 3188 1073 3240 (¹)
1100 3186 1210 3260 obire
1238 3190 1345 3263 discut·

348 3317 440 3396 sim,
467 3309 556 3405 adeo
582 3327 625 3379 ut
650 3312 755 3381 omni
779 3315 940 3386 telorum
955 3339 1084 3414 genere
1108 3310 1292 3413 fatigatos
1305 3326 1350 3383 aut

349 3453 621 3537 prosternerent
637 3435 837 3533 ¹Thebanos
864 3459 927 3510 aut
960 3442 1209 3511 vulnerarent.
1251 3450 1353 3537 Atque

349 3570 403 3637 ita
429 3566 539 3638 tertio
565 3563 642 3634 fere
667 3562 743 3645 die,
777 3567 956 3661 conlapsis
984 3565 1157 3637 omnibus
1187 3592 1285 3662 quae
1308 3562 1356 3637 ob

375 3743 419 3795 ’(α)
438 3744 499 3787 cod.
518 3739 673 3793 subsidione,
692 3742 735 3785 ned
752 3744 818 3788 aliur
834 3744 930 3790 latinus
947 3745 1025 3790 ambr.
1042 3740 1179 3790 obsidione.
1212 3743 1251 3801 (b)
1268 3744 1327 3793 cod.
1338 3748 1358 3785 Β

317 3826 320 3831 ’
355 3819 408 3880 qui.
434 3819 469 3867 (c)
484 3818 546 3864 Cod.
564 3820 716 3875 disceptare.

402 3951 449 4032 (t)
473 3958 547 4010 Dicit
563 3957 690 4021 totidem,
713 3957 917 4029 quiasuperius
938 3957 1008 4015 dixit
1028 3960 1128 4028 equites
1146 3954 1236 4009 mille.

816 4064 821 4073 Ι
870 4036 891 4061 Χ
