2776 4934
221 404 281 470 140
362 344 365 348 *
475 390 776 463 sumnum
797 399 935 463 onrvs

219 585 267 649 Et
299 574 355 645 his
387 571 493 645 dictis
527 589 609 644 exta
632 552 790 643 flammis
814 561 870 642 ex
898 592 1003 641 more
1035 567 1236 641 inferebat.

195 701 419 773 Enimvero
451 694 857 770 involansinvisitatae
894 694 1164 795 maguimdinis
1199 721 1234 767 a·

221 826 322 923 quila
348 841 430 897 exta
461 821 613 921 quidem
628 845 658 891 e
684 818 856 893 manibus
871 820 1069 893 Alexandri
1092 821 1234 917 praeri-

215 932 292 1047 pit,
317 934 521 1033 transverso
538 947 666 1021 volatu
679 971 789 1041 quam
806 928 1112 1043 iranquillissimo
1140 947 1236 1019 aeris

165 1098 180 1117 ⁶
216 1075 428 1149 intersitum
463 1073 624 1171 spatium
659 1085 823 1157 [secans]
865 1087 904 1143 et
935 1071 1042 1143 alteri
1082 1072 1236 1145 cuidam

217 1223 300 1270 arae
329 1201 460 1295 procul
492 1215 573 1271 exta
608 1218 702 1290 quaa
724 1195 976 1291 praeripuerat
1004 1172 1236 1295 superponit

217 1331 335 1421 Quem
360 1322 519 1418 depositi
538 1298 671 1394 locum
697 1343 782 1389 cum
805 1319 957 1414 quidam
983 1348 1004 1392 e
1027 1324 1237 1419 speculato·

216 1448 317 1519 ribus
352 1447 429 1544 regi
454 1447 680 1527 nunciasset,
715 1462 912 1538 properato
946 1444 1078 1517 eodem
1096 1447 1234 1530 veuit,

216 1573 420 1672 agnitisque
445 1571 537 1644 extis
564 1597 658 1668 quae
683 1593 781 1641 sacra
800 1571 873 1641 ales
900 1568 1105 1654 advexerat,
1136 1569 1235 1642 videt

213 1699 398 1793 templum
443 1696 525 1768 illic
569 1713 674 1767 vetus
716 1694 978 1794 magnitudinis
1020 1696 1233 1797 religiosae,

214 1823 388 1919 quodque
422 1823 505 1893 aevi
529 1822 775 1920 longinquitas
801 1837 1001 1915 superasset
1032 1845 1077 1894 ac
1102 1818 1231 1895 diutia·

212 1965 283 2030 set,
310 1948 620 2039 simulacrumque
637 1945 856 2025 intrinsecus
877 1926 1005 2019 sedens
1023 1970 1070 2016 ex
1094 1971 1142 2019 ea
1163 1972 1232 2019 ma·

212 2073 304 2145 teria
330 2060 545 2170 figuratum,
577 2094 688 2165 quam
713 2050 902 2141 dinoscere
922 2072 1070 2143 homini
1094 2074 1227 2147 virium

211 2220 287 2269 nou
315 2213 369 2266 est
385 2196 433 2293 (ἦ).
474 2192 546 2268 sed
570 2213 722 2288 propter
746 2194 994 2266 sedentariam
1019 2201 1151 2269 Deum
1174 2196 1226 2269 ad·

210 2321 354 2391 stiterat
376 2319 552 2414 puellaris
587 2315 725 2417 effigies
751 2319 944 2414 spectabili
974 2324 1224 2425 maguitudino

211 2446 298 2516 etta)
324 2441 602 2542 pulchritudine
625 2444 890 2547 venerandafv.

243 2680 283 2728 (a)
301 2677 364 2722 cod.
383 2691 431 2734 pro
448 2686 474 2725 et
487 2675 563 2723 habet
578 2690 615 2722 co.

257 2863 303 2934 (1)
327 2866 391 2920 Sino
408 2865 489 2919 dubio
505 2885 593 2920 sermo
609 2877 650 2918 est
666 2865 700 2917 de
714 2864 849 2935 Serapidis
871 2865 957 2937 signo.
985 2870 1127 2943 Loquitur
1143 2887 1223 2929 antem

207 2950 313 3004 Auctor
323 2951 403 3020 plane
419 2971 452 3004 ex
468 2963 592 3005 veterum
607 2950 815 3003 idololatrarum
829 2950 960 3005 doctrina.
982 2950 1112 3028 Namque
1134 2944 1223 3013 hoium

207 3035 270 3099 alii,
294 3049 361 3088 tosta
377 3037 516 3089 Clemente
536 3037 617 3089 Alex.
636 3034 772 3105 Protrept.
791 3036 832 3091 ed.
853 3037 943 3089 Oxou.
960 3040 994 3093 T.
1004 3042 1027 3093 Ι.
1045 3059 1073 3110 p.
1091 3048 1222 3105 427-45.

206 3120 236 3172 id
251 3121 357 3190 siguum
372 3121 496 3174 humanis
513 3121 635 3174 manibus
652 3121 753 3173 sactum
775 3139 831 3172 esse
851 3123 994 3192 negabant.
1026 3125 1090 3197 ,Alfi
1107 3147 1221 3191 exauro,

206 3219 336 3275 argento,
361 3222 438 3270 aere,
461 3206 549 3269 ferro,
573 3205 701 3275 plumbo,
724 3219 820 3263 stanno
837 3219 864 3260 et
883 3208 957 3263 omni
976 3227 1075 3279 genere
1092 3212 1220 3286 lapidum,

205 3290 288 3342 etiam
303 3290 504 3359 pretiosorum,
527 3303 684 3361 concretum
703 3290 828 3345 dicebant
843 3311 859 3345 a
877 3295 994 3365 quodam
1007 3296 1222 3369 artifioeBryaxe

203 3375 279 3428 iussu
296 3375 452 3428 Sesostridis
475 3395 491 3428 a
506 3391 560 3447 qno
577 3388 638 3445 post
661 3377 787 3430 victorius
804 3378 935 3432 maximas
952 3380 1060 3433 Numen
1079 3380 1156 3437 illud
1178 3384 1221 3437 dt·

203 3459 323 3514 dicatum
346 3460 388 3512 sit·
422 3463 492 3515 Sane
509 3473 536 3513 et
550 3460 673 3514 Ruffinus
693 3461 763 3514 Hist.
785 3462 849 3514 eccl.
867 3479 911 3515 xt.
930 3472 972 3518 28.
996 3463 1035 3517 ait
1057 3470 1145 3541 vulgo
1165 3486 1219 3522 ora·

203 3543 293 3596 ditum
318 3545 490 3600 simulacrum
506 3565 541 3600 ex
569 3546 692 3599 omnibus
715 3549 857 3617 generibus
875 3551 1047 3604 metallorum
1066 3553 1221 3625 lignorum-

201 3645 256 3701 que
271 3631 461 3700 compositum.
493 3632 683 3686 Theodoratus
701 3644 790 3687 tamen
808 3636 878 3686 Hist·
899 3632 964 3691 eccl.
981 3636 1017 3688 V.
1033 3644 1077 3689 22.
1101 3640 1221 3713 lignenm

200 3712 276 3765 dicit.
787 3714 791 3720 ’

203 3780 210 3795 '
242 3795 287 3866 (α)
310 3780 439 3872 riuusgs
456 3803 564 3856 uidem.
597 3804 665 3856 sane
685 3802 838 3854 Macrobius
854 3803 963 3856 satum.
980 3806 1003 3856 1.
1024 3815 1065 3859 20.
1088 3820 1154 3879 pon
1178 3828 1221 3865 aa

199 3882 326 3953 gyptium
342 3885 496 3957 Serapidem
512 3887 676 3958 descriptum
691 3887 748 3938 ait:
771 3886 821 3938 Isis
837 3889 927 3940 iuncta
943 3886 1076 3959 religione
1093 3892 1220 3949 celebra-

198 3979 250 4019 tun
282 3968 467 4027 conferendus
487 3974 532 4027 hio
555 3973 631 4027 locus
654 3989 715 4026 oum
731 3970 801 4024 libro
821 3974 871 4027 111.
897 3990 955 4044 oap-
971 3989 1085 4033 txvnt·
1119 3992 1148 4034 et
1167 4000 1218 4037 uo·
