2776 4934
432 401 703 470 ALEXANDRl
1033 406 1070 467 63
1128 430 1144 512 p

54 577 182 676 perior
213 558 369 650 liberior
401 555 684 652 infestatorem.
744 584 883 652 Eorum
916 575 1072 673 denique

52 701 222 777 moribus
247 701 446 773 delectatus
470 704 629 776 remissis
653 703 836 804 adiungit,
863 702 986 776 studio
1012 729 1072 774 ve·

52 829 88 899 ri
99 828 139 933 <9
167 824 348 910 discendi,
376 829 441 923 qui
457 822 491 876 (ὅ)
519 828 607 925 quid
633 832 796 904 colerent
818 847 883 900 aut
906 800 1074 902 riverent

52 952 308 1026 renuntiarent
317 948 367 1025 (ὓ).
417 958 499 1048 Ipse
522 979 715 1054 progressu
742 954 788 1026 ad
811 955 967 1026 Tanaim
991 955 1072 1026 illio

51 1103 202 1176 quoque
215 1075 345 1147 urbem
356 1077 428 1149 sibi
444 1079 607 1151 instituit
621 1079 721 1153 haud
735 1079 918 1174 disparem
934 1081 1073 1180 magni-

52 1204 185 1276 tudine
213 1206 476 1304 cognominem
493 1204 741 1277 Alexandriis:
768 1203 879 1300 idque
909 1208 992 1278 usui
1015 1229 1072 1279 ca·

52 1355 162 1413 vens,
189 1328 369 1424 siquando
393 1348 478 1425 post
499 1330 538 1400 in
561 1330 688 1401 eadem
702 1329 742 1380 (ὅ)
768 1310 1001 1403 militaretur.
1131 1316 1133 1321 ¹

129 1459 308 1560 LXXXII.
343 1455 413 1528 Sed
438 1452 760 1528 inconciliantibus
778 1451 817 1506 (4)
843 1456 926 1526 Besi
951 1454 1070 1539 sociis,
1083 1444 1247 1585 nagawi?

51 1584 256 1680 iugumque
301 1579 467 1677 gentium
506 1578 801 1660 nominantibus,
841 1596 945 1649 metu
986 1607 1194 1676 poe-mnu,

56 1732 128 1777 nae
145 1705 181 1756 (θ)
214 1720 356 1803 septem
391 1701 499 1774 urbes
531 1704 702 1774 consulto
734 1703 813 1795 pari
842 1729 988 1800 graecos
1013 1730 1074 1777 ou·

55 1829 180 1903 stodes
213 1814 443 1898 interimunt.
495 1831 657 1920 Quarum
697 1837 789 1919 quae
824 1828 922 1918 Cyri,
944 1829 1072 1902 civitas

55 1956 154 2048 dicta
181 1960 348 2026 Craterus
374 1950 488 2019 multa
515 1973 600 2018 cum
627 1949 792 2020 militum
817 1976 928 2023 manu
953 1953 1072 2023 mitti·

54 2101 116 2152 tur
142 2078 368 2157 obsessurus,
403 2099 477 2146 neu
503 2074 592 2168 quid
625 2074 720 2144 ultra
746 2072 898 2145 liberius
924 2095 1068 2170 queant.

47 2212 136 2300 'Ipse
162 2209 300 2276 Gazam
332 2198 453 2294 primo
481 2222 675 2298 congressu
710 2199 871 2294 aliasque
896 2219 1071 2297 quattuor
1179 2292 1181 2296 .
1283 2298 1285 2302 Ι

51 2328 168 2402 biduo
195 2327 304 2422 capit.

152 2453 349 2526 LXXXIII.
373 2455 473 2521 Tum
495 2451 582 2543 Cyri
607 2449 815 2550 adgreditur
840 2452 914 2524 situ
938 2454 1069 2525 muris·
1121 2467 1245 2538 Cyropo-

1079 2549 1113 2604 lis
1158 2571 1243 2623 expu-

54 2605 126 2678 que
151 2572 420 2655 firmissimam,
448 2598 560 2668 quam
584 2597 653 2645 aar·
677 2577 816 2651 scilicet
840 2595 1068 2649 armatorum
1080 2649 1185 2709 guttur.

53 2690 162 2777 milia
186 2715 397 2781 tuerentur,
423 2700 524 2768 nulla
550 2698 768 2770 victualium
779 2697 820 2751 (ἅ)
845 2700 1067 2800 indigentia:

54 2837 210 2922 lamque
232 2822 415 2894 machinis
433 2821 474 2890 in
501 2817 539 2892 id
565 2818 724 2892 admotis
739 2820 796 2907 (θ,
821 2808 968 2920 repente
995 2852 1070 2898 am.

51 2979 162 3033 nem,
189 2968 231 3020 ut
252 2949 353 3044 prius
375 2944 498 3017 animo
522 2925 806 3040 praesumserat,
834 2954 896 3046 qui
914 2975 996 3023 eam
1011 2978 1071 3024 ur·

86 3149 128 3199 (a)
145 3133 214 3190 cod.
229 3155 294 3189 sero.
321 3137 356 3194 (b)
373 3139 438 3187 cod.
461 3139 591 3201 quicquid.
619 3144 655 3195 (c)
672 3141 736 3190 cod·
748 3159 834 3204 poem.
862 3143 903 3200 (a)
921 3147 984 3194 001
1003 3145 1072 3194 ,mm

49 3215 212 3271 victualibus.
244 3221 279 3270 (a)
297 3217 360 3262 eod.
379 3215 481 3262 amuis.
842 3216 845 3222 ·

97 3372 146 3454 (1)
169 3376 307 3431 Nimirum
336 3386 362 3426 et
385 3374 456 3444 apud
486 3373 653 3428 Frontonem
678 3376 816 3450 Principia
845 3381 906 3432 sisr.
931 3379 1029 3449 fragm.
1046 3383 1066 3435 1.

55 3463 161 3522 barbari
180 3461 283 3514 asiatici
302 3454 445 3512 dieunnrr:
469 3456 623 3513 libertatem
642 3462 734 3534 inopia
752 3467 857 3532 sortiti,
880 3467 943 3540 quia
963 3467 1067 3537 inopem

56 3548 198 3623 subigendi
216 3543 317 3600 sterilis
332 3540 441 3617 fructus
462 3543 700 3619 laboris-sapitur.

99 3631 145 3711 (2)
170 3635 213 3686 Ex
229 3650 286 3702 cap.
302 3645 372 3684 xcv.
394 3643 499 3683 constat
515 3632 699 3686 Alexandrum
723 3633 856 3687 Abiorum
880 3635 992 3706 legatis,
1019 3654 1064 3690 re·

52 3719 200 3775 deuntibus
226 3718 260 3768 ad
279 3729 388 3787 gentem
413 3734 507 3779 suam,
536 3715 672 3769 addidisse
697 3719 800 3792 aliquot
824 3721 870 3793 qui
894 3721 1064 3793 explorarent

48 3807 189 3865 Abiorum
208 3821 296 3855 mores
318 3801 423 3872 sibique
443 3801 540 3854 tertius
563 3803 726 3856 nuntiarent.

95 3885 145 3967 (a)
169 3890 273 3958 Nempe
292 3874 403 3958 regione
427 3888 656 3962 Scytharumut
676 3889 713 3942 ait
732 3888 863 3949 Arrianus
885 3890 935 3947 IV·
958 3905 978 3946 1.

91 3970 142 4053 (4)
165 3975 268 4044 Nempe
287 3972 506 4051 improbantibus.
