2776 4934
360 448 418 505 116
646 440 913 535 autumat
940 446 1079 509 carus

358 638 431 708 que
464 614 499 685 ei
530 614 705 714 largitum
737 614 836 710 apud
866 640 994 689 omnes
1021 616 1160 713 patriae
1172 635 1373 715 proceres,

357 738 456 812 bono
481 739 682 812 admodum
703 741 919 839 testimonio
942 740 1026 814 fuit.
1067 718 1191 813 Placet
1212 738 1374 835 denique

357 865 487 959 Lysiae
510 888 648 938 nomen
670 863 924 964 coniugalibus
943 865 1077 939 ritib'us
1092 866 1132 937 in
1148 880 1373 969 perpetuum

358 960 517 1063 aboleri:
558 980 656 1087 quod
687 989 890 1086 appellatio
920 990 987 1061 illa
1017 988 1156 1063 solutio
1177 988 1230 1067 (Ψ,
1243 988 1373 1087 coepti

359 1141 443 1188 cum
469 1117 660 1211 Cleopatra
685 1114 850 1215 coniugii
875 1115 1027 1187 essetlal.

238 1281 348 1339 M„
432 1247 527 1313 vm.
553 1250 601 1313 At
622 1240 678 1311 his
699 1238 817 1313 forme
841 1238 988 1329 diebus,
1025 1240 1158 1338 quibus
1177 1240 1275 1313 haec
1297 1236 1371 1315 acta

182 1386 246 1423 nam
258 1365 592 1450 rebel-videbanmr,
618 1362 818 1461 descivisse
833 1346 1027 1461 'obsequio
1059 1366 1246 1439 Modiana
1260 1346 1317 1419 (θ’
1330 1366 1370 1437 ci·

182 1456 346 1593 ffmffi
356 1494 449 1565 vitas
480 1490 731 1571 nunciabatur.
795 1490 853 1565 Ad
886 1486 996 1586 quam
1027 1492 1154 1564 animo
1179 1492 1369 1591 Philippus

99 1694 104 1699 ,
182 1623 293 1681 tundat·
356 1619 545 1699 incitatus,
572 1640 656 1687 curn
682 1616 800 1689 adhuc
823 1616 962 1689 viribus
987 1617 1152 1712 corporis
1180 1612 1366 1699 deficeret,

356 1746 542 1842 optimum
570 1761 667 1815 ratus
689 1732 873 1814 ultionein
907 1764 981 1814 non
1004 1740 1207 1827 distulisse,
1243 1718 1364 1815 nutrio

356 1894 440 1941 rum
454 1869 517 1962 qui
534 1864 634 1938 forte
646 1864 786 1937 adesset
800 1866 966 1936 rnilitum
980 1864 1113 1965 ducere
1119 1862 1362 1941 Alexandrum

355 1991 476 2074 iubet,
510 1991 620 2086 idque
652 1988 861 2061 adolescens
890 2010 1129 2087 properanter
1158 1987 1360 2089 exsequitur

355 2118 637 2215 diligenterque:
670 2111 858 2184 subactam
883 2118 983 2187 enim
1004 2118 1301 2215 populatamque
1321 2110 1356 2187 td

353 2240 539 2314 vindictae
578 2235 863 2309 ostentationem
895 2242 1031 2335 raptim
1061 2243 1297 2315 Mothanam:
1313 2264 1355 2313 ra·

353 2392 478 2439 versus
505 2363 713 2436 annunciat.

195 2539 345 2592 Persaeu-
429 2496 490 2563 IX.
517 2488 586 2563 Sed
611 2488 714 2560 enim
738 2512 839 2574 cum,
865 2490 933 2563 illo
960 2490 1083 2563 reditu
1106 2490 1152 2562 d'e
1171 2464 1348 2571 Moitsu,

180 2634 281 2676 ⁸⁰²0r0³
309 2637 343 2716 {¹-
353 2619 535 2717 ingressus
549 2613 596 2685 ad
610 2630 752 2708 patrem
766 2614 875 2700 foret,
900 2618 1001 2701 videt
1011 2616 1067 2687 ibi
1081 2617 1293 2693 assistentes!
1305 2620 1350 2691 lta·

165 2704 342 2865 'munim'
354 2741 435 2813 bitu
456 2738 611 2811 barbaro
636 2740 754 2823 viros,
789 2759 1076 2837 percontansque
1098 2744 1271 2842 agnoscit
1287 2766 1350 2841 pet·

352 2893 412 2940 sae
443 2864 549 2938 Darii
587 2880 765 2958 satrapas:
807 2889 953 2939 causam
978 2886 1104 2939 autem
1122 2861 1159 2918 (ὅ)
1188 2868 1347 2953 adventa

376 3132 416 3183 (a)
433 3128 498 3174 cod.
515 3140 564 3185 pro
579 3129 691 3187 coniugii
711 3140 776 3175 asset
797 3130 1030 3199 habeqfonriat'rsct
1052 3141 1079 3181 ct
1093 3146 1157 3183 mox
1179 3134 1277 3185 eadm
1288 3140 1349 3183 1111

348 3203 513 3251 emertdatum
529 3203 692 3248 convicanea
717 3202 754 3259 (d)
771 3206 836 3252 cod.
851 3216 948 3255 umen.

392 3415 437 3487 (1)
461 3416 527 3470 Cod.
544 3413 688 3469 solutione·
708 3416 757 3469 Est
775 3430 865 3471 autem
886 3434 980 3487 graece
995 3418 1069 3487 λύσις
1085 3418 1196 3476 solutio.

391 3502 435 3573 (2)
460 3503 553 3556 Codex
577 3504 608 3554 Ἰ*
630 3501 734 3555 Valerii
756 3503 801 3556 hic
818 3503 973 3570 Mothana,
1003 3518 1030 3557 et
1055 3524 1120 3558 mox
1147 3506 1191 3559 bis
1208 3509 1344 3577 Mordeat

348 3588 467 3643 Graecus
483 3587 569 3642 codex
584 3587 713 3658 Messius„
729 3587 828 3641 latinus
845 3589 912 3641 item
927 3589 1074 3655 Mothana.
1096 3592 1133 3643 Et
1149 3593 1269 3665 quidem
1283 3594 1343 3649 huia

347 3672 420 3723 urhis
436 3673 624 3726 macedonicae
640 3690 739 3725 nomen
752 3675 821 3726 mire
839 3674 924 3728 variat
943 3676 1014 3745 apud
1037 3676 1104 3728 alios
1120 3677 1208 3731 etiam
1228 3696 1341 3735 auctores

347 3756 419 3811 Vide
434 3756 592 3829 interpretes
607 3758 705 3809 Iustini
716 3773 772 3810 vn.
787 3766 812 3810 6.
829 3772 855 3809 et
867 3761 1028 3813 salmasium
1040 3762 1154 3813 accersit.
1169 3760 1246 3834 plin.
1260 3786 1290 3839 p.
1300 3754 1340 3819 {tl

345 3838 423 3895 hc·
453 3843 486 3895 In
506 3844 587 3896 huius
612 3841 685 3895 urbis
700 3842 852 3895 obsessione
867 3844 994 3915 Philippo
1009 3845 1160 3899 Alexandri
1174 3852 1254 3917 patri
1268 3850 1341 3905 centn

346 3928 402 3980 telo
428 3926 532 3999 aliquot
549 3938 611 3980 ante
626 3944 710 3980 annos
726 3926 839 3981 effosus
856 3928 953 3981 fuerat.
983 3930 1054 3984 Vide
1064 3930 1224 3989 Diodorum
1242 3934 1342 3993 ΜΗ·

345 4023 373 4064 et
390 4012 525 4065 Iustinum
538 4013 599 4067 loco
617 4013 709 4069 citato
750 4046 767 4057 -·
