2776 4934
869 184 912 259 44

204 412 245 482 80
559 416 854 485 ITINERARIVM

205 593 401 664 hominum
422 589 713 693 magnitudines,
733 614 858 686 neque
880 615 967 662 vero
985 586 1140 689 ingenio
1164 586 1216 657 in·

205 716 320 790 ferior
353 715 464 812 quam
496 732 658 788 arcuatus
674 715 723 790 (²).
773 723 808 788 Is
840 713 908 785 ubi
940 712 1027 797 scit,
1062 713 1217 785 Alexan·

206 843 314 915 drunt
347 843 393 914 ad
428 867 504 915 sese
537 843 665 914 moliri
696 842 766 911 iter
775 840 835 925 (⁰),
874 838 968 911 absit
998 836 1218 910 obnuntiat:

206 967 271 1040 sed
294 968 425 1039 incitat
448 991 572 1066 mage,
598 967 744 1062 acrique
761 963 863 1038 bello
886 981 1080 1061 superatur
1104 979 1146 1035 et
1165 986 1222 1067 ga·

206 1094 319 1189 pitur.
371 1098 549 1188 Receptus
566 1111 690 1165 tamen
712 1091 758 1162 ad
773 1091 910 1162 amicos
926 1085 1128 1162 Alexandri
1147 1112 1227 1161 me·

210 1219 283 1289 rito
308 1218 504 1288 virtutium
521 1215 559 1268 (⁹)
583 1206 778 1311 procurare
799 1215 899 1312 quod
911 1215 951 1266 (⁵)
976 1232 1055 1286 erat
1082 1238 1151 1287 rex
1173 1222 1225 1289 ra·

209 1344 318 1438 cepit.
368 1349 423 1413 Ita
449 1366 532 1438 pars
557 1359 612 1413 est
642 1342 807 1424 virtutis,
840 1365 882 1412 ea
899 1333 935 1390 <n
960 1337 1097 1435 quibus
1121 1364 1233 1436 prae,
1261 1376 1262 1381 ¹

210 1447 324 1538 lucris
356 1482 400 1536 ut
423 1467 550 1561 potior
564 1466 620 1547 (⁶),
656 1491 770 1562 aeque
795 1491 879 1538 sane
912 1488 1011 1537 nunc
1035 1488 1130 1536 mox
1155 1489 1226 1539 cca·

122 1586 125 1591 ’
212 1592 298 1664 sisse
321 1590 480 1686 potiori:
508 1591 684 1686 quoniam
703 1594 857 1689 quisque
878 1589 1152 1664 mediocritatis
1175 1606 1226 1663 ast

214 1718 359 1818 agnitor
381 1715 468 1788 satis
493 1715 622 1789 fecerit
646 1744 721 1790 sese
746 1716 939 1790 noscendo.

113 1902 195 1957 m·
291 1846 398 1916 CXII.
424 1828 532 1912 Exffn
557 1867 705 1940 magnas
726 1851 909 1914 Paeonum
934 1861 971 1914 et
985 1841 1224 1913 Musiconum

61 1987 172 2043 norun.
216 1966 381 2066 regiones
405 1965 630 2059 exsequitur,
653 1990 699 2036 -ac
725 1966 797 2037 sibi
823 1985 1027 2067 congregat.
1080 1975 1225 2043 Petram

215 2114 364 2190 quoque
397 2113 496 2183 quaew
513 2091 644 2162 Aornis
662 2091 702 2141 (⁰¹)
735 2112 886 2166 vocatur
917 2066 1088 2179 affectat,
1119 2096 1223 2169 'catius

216 2211 450 2313 proceritudo
476 2230 562 2283 sunt
585 2214 694 2286 stadii
719 2217 1009 2318 quadringenti,
1007 2244 1129 2317 supra
1156 2221 1225 2295 col·

180 2355 182 2369 ²
216 2337 359 2421 toribus
385 2334 487 2407 dives
508 2338 605 2409 haud
626 2342 747 2413 minus
770 2344 1016 2439 locupletibus
1040 2369 1158 2441 quam
1177 2372 1223 2419 aa·
1258 2360 1262 2435 ⁴:

218 2465 332 2537 curis·
359 2479 397 2534 et
413 2477 467 2534 est
482 2463 517 2533 ei
535 2488 671 2537 nomen
698 2492 742 2538 ex
760 2467 993 2551 celsitudine,
1021 2493 1137 2565 quam
1159 2448 1262 2543 neci

219 2590 323 2661 alites
348 2587 624 2683 supervolitent.
676 2593 746 2664 Sed
774 2593 874 2665 enim
903 2595 996 2664 hanc
1013 2593 1048 2646 <⁰
1084 2612 1224 2693 quoquo

222 2715 367 2810 optinet
394 2711 468 2783 fixu
492 2715 654 2788 vectium
669 2716 725 2802 (4),
761 2719 821 2791 via
846 2718 992 2792 scansili
1016 2743 1058 2790 ac
1083 2721 1225 2798 insidiis

221 2835 490 2936 oppetitam‘f).

82 2963 212 3022 naseda-
298 2968 421 3038 CXIIL
446 2963 577 3034 1am<³>
603 2969 645 3038 de
670 2968 920 3068 magnitudine
940 2895 1031 3042 belli
1054 2992 1163 3051 orcus
1181 2984 1262 3053 ιιι·

47 3052 116 3192 3ῖέ,
132 3068 212 3212 ᾜῖ
222 3109 366 3189 quastus
383 3111 468 3158 cum
483 3088 849 3190 primatibnsfiquod
869 3095 964 3165 ultra
987 3115 1114 3196 gente,
1128 3097 1229 3177 bell,

48 3223 120 3277 rel·
218 3264 222 3270 .

256 3318 297 3371 (a)
311 3317 374 3366 cod.
393 3331 448 3365 nno
463 3317 590 3366 vocabulo
605 3316 735 3375 mtintre,
752 3322 823 3380 quod
838 3322 958 3370 nendum
974 3321 1101 3370 iudicavi.
1122 3323 1233 3382 (Mu.

116 3448 119 3453 ,
224 3393 265 3442 his
282 3407 329 3455 pro
348 3407 389 3440 aa.
421 3396 456 3448 (c)
481 3395 542 3443 cod
567 3395 662 3454 patior.
698 3396 737 3448 (d)
756 3397 1042 3444 nicociensem
1058 3407 1100 3446 eat
1115 3388 1236 3471 *Am

225 3473 260 3523 (o)
278 3469 352 3517 (lod.
357 3469 408 3518 tie.
436 3469 480 3526 (f)
498 3469 569 3516 cod.
580 3467 847 3530 acsidtiio'spantitam.
881 3475 931 3535 (g)
938 3473 1002 3521 cod.
1020 3486 1092 3519 mm.

271 3637 318 3718 (1)
341 3645 412 3698 Nota
426 3660 524 3697 novam
543 3642 765 3714 significationem
780 3644 904 3698 vocabuli
927 3666 958 3698 ar
959 3659 1066 3717 tuctus,
1091 3650 1150 3707 nui
1168 3654 1240 3711 som

227 3727 399 3782 scribendum
415 3741 454 3781 est
476 3727 595 3782 artubus

255 3811 316 3882 -(2)
339 3816 380 3866 Ita
401 3815 460 3866 cod.
486 3816 536 3868 Est
559 3825 650 3866 entem
665 3825 728 3866 nota
747 3816 927 3882 grammaticis
948 3828 974 3867 et
994 3817 1052 3869 hnc
1068 3821 1242 3881 termium.

272 3896 317 3968 (ὅ)
338 3899 380 3951 Ita
395 3899 453 3951 cod.
472 3917 521 3970 pro
539 3898 677 3951 idonius..
754 3938 758 3945 .

273 3977 320 4058 (4)
289 3982 412 4038 4Cod
433 3985 558 4038 coccium
