2776 4934
211 384 274 438 tro
497 370 765 434 sumnum
786 362 951 435 acnvs*

210 544 282 627 Hi,
307 568 394 615 curn
418 544 493 613 iam
519 539 728 615 rumoribus
751 538 990 613 calidioribus
1001 538 1134 613 adesse
1147 541 1225 613 Ale·

210 668 347 743 xander
371 671 621 751 nuntiaretur,
657 668 729 739 rati
751 693 790 739 se
822 666 1031 763 plurimum
1069 668 1117 737 iu
1152 690 1225 765 gra·

209 796 301 867 tiam
332 795 542 891 provisuros
584 817 660 864 esse
690 793 842 864 victoris
880 792 913 863 si
943 816 1078 863 necem
1114 791 1226 863 nario

209 922 436 1002 intulissent,
462 941 586 1017 regem
609 943 720 988 suurn
743 920 784 986 in
809 941 874 988 sua
892 918 990 1015 regia
1015 916 1224 989 solitarium

210 1045 427 1141 opprimunt
453 1061 491 1114 et
514 1043 674 1113 letaliter
688 1044 904 1123 vulnerant,
929 1065 971 1111 ac
984 1042 1019 1112 si
1035 1042 1120 1111 iam
1135 1066 1225 1111 mor·

207 1189 315 1242 tuum
349 1169 629 1265 derelinquunt:
664 1168 916 1239 cautissimum
935 1165 976 1218 Ψ)
1002 1164 1227 1240 confirmau-

207 1314 262 1368 tes
287 1297 319 1367 si
344 1295 522 1389 tantisper
545 1320 566 1365 a
600 1309 799 1389 conspectu
830 1290 1032 1363 Alexandri
1061 1293 1227 1363 recessis-

206 1436 305 1503 sent,
331 1418 505 1492 douicum
519 1418 616 1523 illud
630 1417 773 1490 facinus
793 1415 894 1513 quod
916 1433 1181 1511 perpetrarant
1193 1411 1226 1467 ‹a›

206 1562 245 1616 et
268 1545 388 1617 victor
411 1542 669 1639 perpenderet,
695 1542 955 1641 divulgaretur,

73 1719 194 1772 Alexan·
279 1672 423 1740 XXXV.
457 1676 607 1765 lamque
638 1670 815 1739 exercitus
848 1666 1108 1739 Macedonum
1151 1690 1228 1737 rur·

33 1806 81 1856 der
112 1803 265 1867 Dari-sus
291 1821 311 1865 a
335 1813 454 1894 strage
479 1794 525 1867 ad
550 1810 753 1865 memorata
788 1790 922 1863 fluenta
951 1793 1228 1873 transmiserat,

30 1906 194 2027 30de
205 1940 241 1994 et
274 1920 477 1992 Alexander
508 1923 676 2013 protinus
714 1918 973 2023 superveniens
1012 1919 1160 2019 regiam
1187 1920 1227 1989 in

31 2060 160 2133 requitur.
206 2071 277 2142 qua
303 2043 489 2116 observari
513 2044 910 2139 Dariumlconpererat
923 2042 1069 2113 cursim
1088 2044 1225 2115 iurum·

204 2172 279 2265 pit,
306 2192 463 2260 eumque
488 2193 611 2240 recens
636 2171 869 2239 vulneratum
896 2184 1008 2261 atque
1022 2167 1220 2263 adhucspi·

204 2307 348 2365 tantem
372 2291 555 2363 miscriter
586 2291 746 2363 offendit
758 2291 808 2361 (ι).
845 2293 915 2364 Sed
947 2292 989 2362 id
1014 2292 1218 2369 Alexandro

204 2419 302 2488 ultra
327 2417 521 2513 opiniones
546 2418 718 2489 omnium
742 2416 862 2488 flebile
881 2437 917 2489 et
932 2421 1148 2495 luctuosum
1160 2419 1219 2491 ad·

203 2542 359 2615 modum
384 2539 466 2612 fuit.
516 2543 652 2614 Videns
678 2542 779 2613 enim
804 2545 1027 2640 participem
1052 2547 1221 2621 illiusre·

203 2669 256 2767 gii
280 2668 442 2738 nominis
474 2693 516 2740 ac
547 2669 743 2741 maiestatis
775 2668 866 2741 adeo
898 2671 1035 2745 misere
1072 2672 1220 2747 vivendi

204 2793 385 2863 clausulae
424 2795 686 2880 reluctantem,
721 2792 809 2866 flens
844 2796 1093 2893 heiulansque
1108 2802 1146 2851 “l
1174 2824 1221 2871 re·

203 2919 302 2988 centi
327 2918 530 2992 homicidio
555 2919 813 3004 confunditur,
846 2946 1005 3016 eumque
1039 2925 1221 3021 ampleru-

201 3041 344 3113 bundus
377 3061 414 3112 et
455 3063 648 3142 contegens
689 3045 786 3144 regia
828 3046 1026 3142 chlamyde
1060 3050 1109 3123 in
1142 3054 1220 3123 hacc

201 3169 313 3241 verba
343 3170 499 3241 solatur:
541 3170 672 3267 ,Erige
704 3188 764 3256 te,
798 3196 948 3265 quaeso,
981 3177 1128 3262 Darie,
1162 3198 1212 3249 ns

224 3382 268 3432 (a)
282 3378 345 3424 cod.
363 3380 545 3425 castissimum.
574 3377 609 3434 (b)
627 3382 689 3426 cod.
707 3394 881 3440 perpetraret.
914 3383 949 3435 (c)
965 3384 1031 3433 cod.
1050 3386 1216 3453 Ιηιὼημ.

243 3524 289 3602 (1)
312 3530 426 3582 Durium
439 3528 589 3602 extinctum
605 3543 747 3600 antequam
763 3531 919 3584 Alexander
943 3550 1006 3584 eum
1023 3536 1215 3612 adsequeretur

201 3612 275 3664 aiunt
295 3615 454 3666 vetustiores
474 3626 501 3665 et
517 3615 612 3665 sinceri
642 3616 794 3685 scriptores.
837 3619 948 3669 Constat
975 3630 1070 3673 tamen
1094 3624 1214 3677 eumden

200 3697 246 3749 vix
262 3699 447 3750 exanimatum
463 3700 606 3767 chlamyde
618 3712 771 3753 contectum
790 3720 847 3754 esse
869 3703 901 3753 ab
927 3703 1105 3762 Alexandro.
1148 3710 1211 3763 vid·

200 3784 334 3834 Zonarum
352 3799 394 3837 rv.
411 3800 444 3836 11.
462 3784 634 3856 colloquium
654 3800 744 3839 autem
763 3787 834 3838 iuter
852 3787 924 3857 ipsos
948 3804 1083 3859 narrant,
1113 3806 1213 3866 praeter

85 3878 98 3889 “
202 3871 233 3920 ’1⁴
250 3868 409 3932 Valerium,
431 3870 535 3921 codices
561 3871 644 3923 ambr.
663 3890 772 3942 graecus
795 3884 821 3924 et
841 3872 957 3940 latinus,
979 3893 1032 3930 neo
1056 3898 1118 3935 non
1140 3896 1212 3954 pern

197 3952 377 4006 Mirkhundus
393 3954 465 4025 apud
479 3956 692 4013 Sancticruciurn
707 3976 735 4030 p.
756 3964 925 4012 tas-19⁰.
