2776 4934
423 432 502 495 SEV
529 432 708 495 LIBERI.
774 424 799 467 '⁶³'
1005 447 1063 497 171

54 599 217 673 sentibus
250 558 425 685 consulit,
466 603 523 673 uti
562 629 673 699 equos
708 599 872 679 militum
908 562 1066 677 interfici
1169 617 1173 624 '

54 698 227 823 iibens
195 718 322 822 eisque
336 729 474 800 milites
499 731 605 801 vesci
627 731 824 805 Enimvero
844 757 1066 829 quamquam

53 850 93 921 id
119 851 316 951 consilium
341 879 386 924 ex
409 855 621 925 necessitate
644 874 901 950 sequerentur,
929 859 1067 927 tumul·

55 997 114 1048 tus
148 998 271 1049 tamen
306 997 343 1050 et
375 978 580 1076 indignatio
615 982 784 1052 onmium
826 981 1066 1083 congruebat,

54 1104 186 1181 veluti.
213 1102 333 1199 stuqlio
347 1102 525 1197 nactum,
543 1116 549 1129 “·
567 1126 610 1177 ut
640 1109 853 1211 necessitate
888 1109 1070 1204 praesenti

56 1256 139 1324 spes
165 1228 237 1301 sibi
302 1247 384 1299 tura
415 1229 607 1319 laberetur.
646 1220 764 1327 Quare
800 1233 921 1317 [cuin]
949 1233 1070 1304 omnis

58 1355 229 1425 militaris
265 1344 494 1426 observantia
521 1359 741 1443 solveretur,
774 1384 895 1454 neque
930 1357 975 1428 ad
1009 1383 1072 1428 cu·

55 1478 217 1585 stodiam
239 1480 389 1575 solitam
420 1483 567 1581 vigiliae
589 1503 779 1578 ceteraque
799 1484 927 1554 munia
949 1508 1072 1555 serva·
1101 1570 1103 1575 Ι

34 1625 203 1689 -rentur,
232 1631 295 1677 rex
319 1622 443 1677 motus
469 1607 508 1675 in
534 1609 624 1678 haec
648 1609 760 1679 verba
784 1613 1043 1682 concionatur.

130 1738 242 1802 LXII.
275 1733 442 1824 „Neque
453 1756 514 1800 me
538 1730 650 1828 fugit,
686 1733 880 1803 fortissimi
913 1736 1079 1818 milites,
1116 1735 1245 1791 Eiusdem
1299 1765 1313 1785 ι

1083 1823 1177 1873 concio
1193 1824 1246 1875 ml·

54 1883 158 1939 ,rem
182 1854 340 1927 militiae
364 1857 659 1949 necessitatisque
685 1856 838 1930 bellicae
852 1861 972 1953 prima
988 1859 1073 1928 sub·
1082 1906 1179 1960 litatis

57 1982 169 2064 ,sidia
196 2007 309 2076 equos
335 1979 464 2052 haberi
491 1998 679 2074 oportere,
708 2007 797 2074 quos
819 1984 886 2082 'ego
912 1983 1072 2054 interfici

60 2154 74 2189 ‚‚
83 2108 269 2192 iusserim,
297 2125 333 2178 et
358 2105 403 2178 de
428 2133 496 2178 usu
520 2109 587 2178 illo
615 2107 660 2176 ad
688 2108 902 2180 alimoniam
928 2090 1109 2180 utcum÷⁸

58 2259 154 2327 „que
178 2230 363 2326 proficere.
400 2232 470 2303 Sed
496 2258 581 2302 cum
606 2234 647 2301 in
674 2257 715 2303 ea
741 2258 788 2301 re.
815 2231 975 2303 duorum
1009 2259 1076 2306 no·

60 2405 74 2440 ,ι
85 2360 230 2429 minum
254 2357 458 2452 periculum
473 2377 695 2440 versaretur,
722 2376 765 2427 ut
791 2376 855 2427 aut
871 2363 974 2451 equis
995 2361 1076 2429 aliti

10 2460 23 2499 ''
61 2486 306 2566 ,‚viveremus,
342 2500 405 2551 aut
437 2483 538 2553 hisce
570 2483 721 2552 servatis
753 2483 814 2550 vel
844 2481 984 2573 priores
1017 2483 1078 2552 vel

62 2655 77 2692 „
86 2611 223 2704 pariter
249 2624 520 2703 oppeteremus3
553 2624 718 2677 secutum
743 2630 803 2674 me
836 2604 955 2674 fateor
991 2631 1077 2677 con·

66 2734 217 2816 „silium
252 2731 352 2827 quod
385 2757 452 2826 pro
490 2728 670 2801 deteriore
705 2728 836 2800 melius
873 2730 1074 2822 videbatur.
1095 2812 1105 2829 ι

62 2860 232 2959 „Quippe
263 2884 366 2951 spem
382 2855 530 2999 igeret),
568 2856 650 2928 Diis
682 2872 810 2950 coepta
844 2853 1075 2937 iuvantibm,

60 2987 168 3071 fore
193 2986 249 3055 uti
276 2983 548 3080 cumprimum
573 3001 719 3082 gentem
744 2981 908 3075 aliquam
933 2999 970 3050 et
995 2979 1080 3050 sub·

60 3086 224 3198 „sidium
249 3108 398 3180 uberius
425 3110 525 3180 nacti
557 3109 766 3209 fuerimus,
788 3132 901 3202 equos
934 3131 1089 3206 quoque

61 3237 186 3322 ,haud
212 3235 402 3307 deterioris
428 3260 514 3306 usus
539 3224 665 3330 parare
696 3214 744 3306 sit
776 3232 885 3303 nobis
912 3231 1079 3303 facultas.
1162 3276 1166 3283 ·

64 3410 80 3445 „
90 3363 238 3460 Quippe
263 3362 294 3431 si
319 3386 409 3444 vos,
435 3359 535 3455 quod
560 3338 687 3434 omnes
702 3361 832 3458 Superi
846 3344 1079 3441 difflaverint,

67 3485 300 3570 „detestabili
328 3487 393 3556 illa
418 3493 631 3558 necessitate
655 3487 763 3558 famis
790 3487 937 3555 animas
968 3506 1082 3578 pone·

66 3661 83 3698 ,‚
93 3614 196 3697 retis,
223 3614 360 3683 milites
387 3613 537 3707 quidem
552 3614 706 3685 forsitan
731 3637 892 3709 possem,
920 3608 984 3680 sed
999 3597 1079 3679 Ma-

62 3788 79 3824 „
88 3737 244 3810 cedonas
278 3740 416 3810 milites
456 3738 610 3810 ubinam
643 3733 909 3833 repperissem‘.2
931 3809 934 3817 ,
960 3738 1081 3832 Quare

34 3835 235 3949 ⁸„animos
261 3864 458 3937 reformate
482 3867 522 3935 in
538 3865 689 3948 melius,
716 3864 894 3959 vobisque
909 3859 1076 3938 suadete,

71 3992 245 4075 ,nullum
270 4008 433 4087 vestrqm
460 3991 550 4064 adeo
576 3993 632 4063 sui
666 4009 851 4063 amantem
875 4007 983 4083 atque
1008 3984 1079 4055 sol·
