2776 4934
348 344 367 381 1

189 416 252 476 206
482 400 751 468 tamum
768 400 907 464 Acrvs

189 598 229 655 et
238 576 509 680 magnitudine,
534 598 611 647 una
626 598 715 646 cum
728 572 839 643 armis
852 570 1076 667 praecipitet
1089 584 1208 664 ponta

190 732 234 779 uc
257 701 486 776 nutabundus
510 703 597 773 exit.
637 701 708 773 Sed
731 698 773 770 id
794 697 937 768 fuctum
960 693 1115 767 etiumsi
1134 695 1211 766 eius

189 830 236 903 td
260 828 518 901 testimonium
542 826 774 899 fortitudinis
797 824 1006 921 plurimum
1031 820 1211 903 contulit,

189 954 434 1029 ualitudinem
443 969 569 1023 tumen
577 950 868 1023 dismiminosius
879 949 1032 1020 eiceret.
1061 946 1213 1043 Quippe

190 1083 332 1155 colente
356 1079 472 1149 etium
494 1095 585 1149 tuuc
609 1095 648 1148 et
669 1074 825 1148 sudmte
853 1098 1011 1169 corpore
1042 1070 1213 1143 incident

191 1233 286 1302 aque
317 1203 420 1274 itlius
450 1203 725 1276 vehementiam
754 1201 816 1273 vel
847 1200 1033 1299 rigorem,
1067 1214 1211 1269 tentam

190 1330 314 1401 nervis
338 1326 514 1397 iniurium
537 1329 813 1423 perniciemque
836 1322 1060 1407 tradiderut,
1088 1340 1211 1395 utun·

191 1456 303 1551 dique
326 1454 496 1549 protinus
518 1452 711 1526 doloribus
745 1448 1054 1525 concurrentibus
1092 1448 1207 1523 morbi

191 1592 298 1653 causa
322 1597 510 1652 contractu
536 1580 601 1649 vix
623 1579 817 1676 expiabilis
846 1575 1050 1649 videretur.
1097 1582 1203 1673 Qun

191 1732 278 1779 cum
302 1724 448 1803 tempus
470 1683 684 1801 plurimum*
701 1703 897 1786 laberetur,
921 1724 1050 1797 usque
1064 1700 1208 1775 meden-

189 1831 288 1903 tibus
301 1831 343 1883 (“)
375 1830 505 1903 sedulo
540 1831 682 1903 curatio
714 1830 780 1899 illu
811 1846 978 1924 pareret,
1015 1828 1210 1925 Philippus

190 1956 341 2053 quidam
357 1950 393 2005 (⁵)
417 1957 571 2027 nomine
594 1958 711 2028 sciens
734 1954 823 2025 ortis
840 1954 877 2004 (θ)
900 1950 1076 2025 eiusdem
1103 1974 1144 2027 et
1162 1980 1210 2029 se·

190 2081 348 2153 ‹iulit'ttte
369 2081 651 2176 ¹acceptissimus
682 2082 775 2181 regi,
819 2078 971 2154 conficit
984 2077 1026 2131 ‘⁶³
1082 2134 1095 2153 .
1144 2134 1153 2154 .
1198 2134 1207 2151 .

214 2488 259 2540 ‹a›
272 2486 337 2530 cot·
355 2481 491 2530 nem
513 2478 556 2536 (tr
567 2478 682 2545 Qnitdm
694 2490 841 2546 suppiam
851 2484 883 2532 ab
900 2487 953 2533 mo
969 2488 1081 2535 conce.
1107 2486 1208 2543 tocie

189 2572 282 2607 artent.
310 2560 357 2605 vel
373 2559 415 2605 dic
430 2571 515 2607 arem
530 2558 662 2623 eberardi.

126 2828 130 2835 -
177 2836 180 2847 .
236 2790 280 2861 (¹¹)
303 2792 427 2846 Sedecim
442 2791 552 2845 omnino
567 2791 684 2862 paginae
697 2792 728 2844 in
745 2792 839 2846 codice
854 2792 1054 2845 desiderantur.
1079 2795 1135 2847 Est
1148 2795 1211 2851 enin

119 2920 124 2929 .
177 2879 315 2951 ¹pagina,
337 2878 367 2929 in
389 2895 442 2949 qua
463 2876 579 2931 occurrit
600 2878 711 2941 lacuna,
733 2876 796 2929 finis
815 2879 905 2951 quarti
922 2877 1142 2949 quaternioniu
1164 2894 1213 2933 tutu

193 2964 225 3019 in
241 2964 335 3017 codice
352 2964 474 3035 sequitur
488 2963 632 3033 quaternio
655 2963 727 3015 sexti
743 2964 851 3015 numeri
871 2967 938 3017 noti
952 2964 1094 3033 signatus.
1135 2968 1213 3021 rom

193 3049 334 3103 sciendum
356 3062 411 3112 est,
441 3048 563 3121 codicem
581 3060 705 3109 nostrum
723 3048 819 3102 eadem
835 3050 946 3120 quidem
968 3061 1061 3101 aetate
1090 3048 1214 3121 (taenio

193 3153 291 3206 nempe
312 3132 419 3187 circiter
440 3150 513 3184 nono
537 3144 569 3183 ut
592 3133 652 3185 dixi
673 3133 702 3185 in
719 3132 910 3204 praefatione)
934 3144 1027 3186 totum
1044 3134 1139 3191 fuisoe
1156 3156 1215 3191 eou-

195 3223 345 3292 miptnm,
372 3235 431 3271 non
449 3230 540 3273 tamen
561 3220 657 3271 eaden
676 3236 784 3293 semper
804 3238 897 3272 manu.
933 3220 1044 3289 Reupse
1064 3224 1211 3291 posthum

195 3308 323 3379 paginam
343 3303 442 3357 visitur
459 3304 513 3355 aliu
526 3319 639 3369 manus,
661 3323 761 3376 quam,
781 3307 806 3361 si
828 3304 989 3365 coniecturis
1011 3302 1167 3381 indulgere
1185 3308 1218 3363 li·

194 3406 254 3458 cet,
275 3389 393 3444 'dimidio
408 3406 496 3460 prope
516 3391 622 3443 saeculo
644 3390 826 3463 antiquiorem
838 3392 930 3463 priore
945 3387 1079 3445 dixerim.
1120 3394 1216 3449 huit

195 3478 243 3551 qui
268 3490 372 3547 partem
396 3475 559 3550 anteriprem
581 3475 682 3528 codicis
705 3477 828 3548 scripsit,
863 3471 943 3551 (sive
968 3474 1063 3545 potius
1093 3480 1216 3535 erulam

195 3563 354 3634 supplevit)
377 3562 488 3615 omuino
510 3563 671 3628 materiam,
692 3580 762 3635 quae
780 3582 852 3616 nunc
869 3563 961 3625 abest,
981 3560 1039 3613 iam
1061 3574 1129 3621 tum
1147 3564 1216 3619 dui-

195 3647 323 3700 derubat:
354 3647 530 3718 scriptionem
552 3648 625 3700 enim
645 3648 675 3700 in
693 3650 785 3702 medio
802 3650 901 3721 pagina
917 3646 1042 3717 abrupit,
1065 3644 1217 3705 contractis¹

194 3732 328 3805 paulatim
345 3733 483 3799 versibus,
504 3734 582 3785 utin
601 3733 656 3786 fine
673 3734 867 3806 scripturarum
885 3748 1081 3803 saepenumero
1108 3720 1216 3791 ctrtttitt·¹

194 3836 260 3890 gere
276 3817 343 3874 vidi.
384 3820 510 3890 Denique
529 3820 607 3872 tertia
625 3837 721 3872 manus
734 3821 816 3891 longe
829 3818 962 3872 recentior
975 3818 1044 3871 haec
1058 3820 1093 3874 in
1108 3822 1215 3901 pagina

194 3902 282 3975 spatio
300 3902 382 3956 verba
399 3904 539 3958 exaravit:
563 3904 614 3956 Hic
636 3903 723 3956 multa
734 3906 838 3960 descrit.
863 3904 946 3957 Deest
960 3902 1004 3955 bic
1019 3908 1136 3977 quiam
1149 3926 1217 3983 pn·

196 3990 291 4043 toruio-
322 3990 382 4042 lun
397 4007 531 4063 quaestum
547 3989 678 4043 bitturiue
699 3991 788 4062 wpita
812 3992 847 4045 ob
864 3991 934 4043 bauo
955 3990 989 4042 ·1·
1000 3991 1115 4047 Valerii
1139 3996 1217 4049 luen·
