2812 4920
450 421 647 479 PRAEFATIO
1025 438 1056 476 xt

38 583 94 644 nis
111 582 214 671 figura
239 586 329 646 visus
354 599 420 659 est,
443 600 512 645 tum
531 584 570 645 ad
595 586 775 645 memoriam
791 585 995 648 fortitudinis
1021 606 1055 646 ac

38 666 210 731 felicitatis
230 669 310 732 adeo
328 672 467 757 insignis
488 671 610 746 evasit,
633 686 671 729 ut
690 673 759 730 eius
777 670 858 732 fama
878 689 974 756 atque
994 692 1054 729 no-

37 755 130 813 mine
146 777 238 815 aures
258 758 399 816 omnium
417 757 581 818 hominum
600 757 685 816 omni
704 771 805 816 aetate
823 759 1053 817 circumsonare

36 861 174 899 necesse
202 841 266 901 sit:
289 863 396 924 neque
422 842 492 902 fieri
518 864 666 926 umquam
696 843 818 925 possit,
850 859 889 902 ut
916 842 955 902 de
979 843 1054 902 Ale-

36 923 164 985 xandro
182 924 343 1011 rebusque
366 928 434 986 eius
455 928 556 1015 gestis
585 926 840 1013 perhonorificus
861 949 963 988 sermo
980 949 1055 989 con-

34 1024 182 1072 ticescat.
357 1038 366 1063 ·

105 1095 153 1156 ΙΙ.
187 1097 272 1186 Ergo
299 1121 397 1181 quuru
422 1099 505 1159 nihil
519 1114 616 1158 -esset
641 1098 776 1161 feracius
801 1097 949 1158 laudibus
980 1099 1055 1160 Ales
1101 1102 1221 1172 Scripto-

35 1180 155 1241 :andri
172 1186 305 1243 maxima
324 1185 415 1267 copia
432 1186 636 1271 ingeniorum
654 1184 693 1244 ad
712 1185 767 1244 has
784 1182 987 1244 celebrandas
1005 1187 1055 1245 in·
1066 1207 1108 1240 res
1143 1201 1219 1241 verr-

37 1264 166 1327 cubuit.
218 1268 280 1328 Sed
305 1272 389 1330 enirn
416 1270 451 1330 in
473 1284 563 1330 tanta
588 1269 735 1330 ubertate
763 1265 990 1345 scribentium,
1014 1292 1054 1328 ex
1064 1292 1110 1326 res
1127 1290 1217 1325 rerum

39 1351 210 1413 veteribus
232 1353 384 1438 quidem,
417 1372 556 1441 praeter·
571 1354 797 1426 Plutarchum,
824 1353 995 1414 Arrianurn
1017 1368 1055 1412 -et
1068 1360 1220 1412 Alexandri

10 1498 13 1507 .
39 1432 211 1514 Curtium,
231 1462 324 1502 nemo
343 1442 406 1500 iam
424 1456 573 1525 superest
596 1443 653 1524 qui
668 1440 750 1500 facta
767 1437 944 1498 Alexandri
961 1460 1056 1522 pecu·
1068 1445 1147 1514 pauci
1175 1462 1222 1495 sn-

36 1521 113 1584 liari
131 1541 342 1608 separatoque
358 1528 479 1610 scripto
497 1526 725 1587 illustraverit:
749 1526 807 1607 qui
819 1546 898 1584 vero
919 1546 989 1584 cum
1006 1546 1055 1583 ce-
1069 1542 1187 1600 pereunt.

34 1621 109 1667 tera
130 1608 270 1669 historia
291 1613 391 1674 vitam
414 1631 543 1694 quoque
564 1609 737 1672 Alexandri
759 1608 855 1691 paulo
880 1611 1056 1669 accuratius

34 1695 291 1767 contexuerint,
327 1693 391 1751 duo
408 1694 628 1755 tantummodo
647 1716 688 1753 ex
705 1708 795 1752 tanta
816 1693 912 1753 turba
932 1714 1057 1777 compa·

33 1788 138 1848 rent,
168 1776 203 1834 in
223 1777 343 1869 graecis
366 1777 494 1837 Diodor
559 1778 700 1849 siculus,
721 1777 756 1834 in
770 1777 879 1837 latinis
898 1779 1056 1838 Iustinus.

35 1858 104 1921 Sed
126 1861 211 1920 enirn
236 1861 316 1920 mihi
340 1860 398 1920 hac
415 1861 455 1922 de
480 1798 658 1944 reu‘saepius
677 1875 711 1919 et
730 1860 785 1918 diu
804 1863 987 1947 cogitanti,
999 1865 1056 1924 rix
1200 1882 1215 1921 s

35 1941 195 2007 credibile
219 1944 409 2022 videbatur,
435 1967 534 2031 quum
551 1946 712 2007 imrumeri
735 1944 813 2006 olim
836 1946 985 2006 historici
1004 1968 1056 2006 nes

36 2028 217 2093 Alexandri
246 2033 415 2091 memoriae
446 2020 771 2103 commendavissent,
813 2045 878 2090 tam
903 2034 957 2092 exi
979 2054 1061 2113 uurp

30 2138 152 2179 eorum
174 2138 343 2176 numerum
366 2131 504 2176 aetatem
525 2117 662 2190 tulisse,
693 2138 812 2199 neque·
829 2118 864 2176 in
891 2055 1055 2202 ampliori-

36 2202 102 2263 bus
128 2200 273 2262 codicum
307 2201 473 2284 apothecis
501 2200 600 2261 latere
639 2201 777 2284 aliquem
804 2204 927 2263 veteris
959 2216 1056 2263 notas

39 2287 248 2371 scriptorem,
279 2287 315 2345 in
340 2309 406 2371 quo
430 2286 617 2349 Macedonis
642 2288 741 2349 vitam
766 2309 836 2348 cum
861 2285 1055 2351 eruditionis

35 2372 150 2451 fructu
165 2370 311 2434 lectitare
333 2374 455 2434 liceret.
492 2371 572 2434 Ecce
587 2386 694 2433 autem
709 2374 745 2432 in
761 2373 820 2434 hac
838 2375 1055 2462 vestigatione
1140 2402 1233 2459 Codex

37 2458 201 2525 curiosius
227 2473 432 2543 occupatum,
463 2458 650 2542 praeclarus·
670 2474 807 2545 repente
826 2458 1055 2521 ¹ambrosianus
1067 2484 1232 2540 mmmm,

36 2541 145 2605 codex
158 2543 197 2594 (²)
226 2564 277 2603 me
306 2565 381 2628 prae
412 2542 528 2604 ceteris
555 2544 693 2691 perculit
715 2560 920 2628 mentemque
944 2568 1216 2627 :memnb10,ianu,‚

20 2630 173 2719 ,μανίαι
192 2625 318 2691 ἆεῆκίῑι
363 2628 396 2689 Is
414 2630 537 2713 quippe
570 2628 641 2689 iber
669 2630 1055 2692 vetustioribus-'litteris

17 2768 23 2779 ,
35 2713 176 2774 omnino
194 2714 275 2775 circa
290 2712 579 2775 saeculumChristi
593 2735 714 2772 nonum
732 2715 969 2777 inmembranis
980 2736 1054 2777 exa·

34 2809 138 2859 ratus
156 2816 208 2855 res
224 2797 518 2886 Alexandrigestas
536 2797 635 2857 latina
651 2797 761 2882 lingua
776 2798 934 2860 tradebat.
968 2802 1055 2860 liur-

18 2882 121 2956 .'eus,
151 2881 396 2971 rer-diligentius
429 2881 649 2957 considerata,
685 2880 882 2965 deprehendi
912 2885 1056 2944 eiusdem

32 2967 220 3065 argumenti
244 2969 281 3028 in
309 2969 433 3037 eodem,
447 2969 556 3031 codice
590 2965 831 3028 lucubrationes
862 2990 932 3028 esse
959 2968 1055 3045 duas,

30 3074 182 3140 priorem
208 3052 338 3136 quidem
363 3078 381 3116 a
409 3055 496 3117 Iulio
526 3053 653 3116 Valerio
683 3054 819 3137 quodam
847 3053 1056 3131 elaboratam,

32 3160 137 3225 quam
164 3138 201 3197 in
225 3136 322 3201 alium
346 3140 477 3203 dicendi
497 3140 600 3200 locum
624 3139 814 3215 relictae),
843 3142 1057 3224 posteriorem

30 3245 200 3304 anonymo
221 3223 381 3303 Auctore,
411 3242 509 3317 atque
529 3243 726 3290 anaxannnr
751 3244 981 3289 rrrnenanrvrr
1005 3227 1055 3285 in-

34 3310 202 3409 scriptam.
221 3309 344 3372 'Huius
362 3310 547 3373 autem‘sub
566 3312 681 3396 primis
704 3311 814 3374 verbis
837 3328 876 3372 ut
898 3309 1056 3372 Constan-

30 3395 79 3471 tii
103 3396 326 3481 unperatoris,
358 3399 410 3457 cui
434 3397 586 3460 videlicet
608 3395 698 3455 istud
725 3418 806 3482 opus
830 3394 1054 3482 componitur,

35 3498 156 3539 nomen
183 3481 284 3542 oculis
307 3484 482 3567 usurpavi,
521 3497 599 3542 tunc
625 3481 767 3567 denique
793 3505 827 3543 re
849 3464 1081 3568 inexpectata⁰

35 3565 169 3649 gavisus
198 3581 306 3629 totum
331 3589 383 3629 me
403 3566 447 3628 ad
468 3568 622 3659 scriptum
647 3570 778 3652 penitus
800 3570 1054 3656 cognoscendum

28 3646 149 3711 studio
170 3655 344 3740 animoque
360 3654 536 3728 transtuli)
556 3653 712 3738 coepique
729 3657 836 3740 operis
858 3657 1053 3740 antiquitate

1089 3362 1187 3434 Operis

1082 3453 1186 3501 ontenti

1065 3545 1192 3587 vetustas.

65 3918 120 3990 (1)
143 3919 219 3973 Part.
238 3939 295 3994 sup.
311 3923 343 3978 P.
364 3927 407 3977 49.

67 4007 120 4077 (2)
146 4005 221 4061 Vide
237 4009 434 4078 praefationem
454 4007 488 4062 ad
507 4006 609 4065 Iulium
626 4008 786 4079 Valerium..
