2776 4934
423 415 501 475 sav
529 412 707 478 cluant
844 468 847 473 .
1006 423 1066 480 aas
1147 378 1150 383 ⁵

57 599 202 672 fluente.
225 694 227 698 ι
251 599 339 671 Eius
361 600 525 671 convivii
545 617 713 694 tempore
730 627 817 674 cum
834 606 930 676 'unus
956 629 977 674 e
1000 628 1068 675 nu·

55 752 159 798 mero
186 726 390 824 legatorum
416 724 669 821 proditionem
687 736 848 824 ¹quoque
871 728 987 799 ille<⁰>
1014 754 1068 800 re-

55 852 110 950 gis
137 851 243 921 Darii
267 849 490 935 subsereret,
522 851 733 947 prohibitus
770 851 972 926 abeodem
998 873 1067 938 est,

53 975 208 1045 ulterius
234 1000 343 1070 super
372 973 441 1047 hac
466 1001 506 1047 re
530 976 663 1047 addere
696 1003 805 1072 quam
827 981 1067 1074 promiserat:

56 1099 271 1194 praesertim
304 1074 391 1172 cum
416 1103 447 1172 is
464 1096 501 1152 (h)
528 1103 591 1197 qui
615 1103 684 1173 ista
710 1085 877 1189 dixisset}¹
911 1130 1001 1177 mox
1025 1103 1092 1175 ad‘

56 1250 180 1324 regern
212 1224 395 1297 rediturus
431 1227 602 1298 fortunae
635 1247 759 1322 posset
792 1255 917 1302 ansam
947 1232 1072 1325 inpro-

57 1377 200 1457 speram
243 1351 359 1437 dares
384 1377 505 1447 nequa
540 1351 586 1425 ab
619 1353 688 1425 illo
724 1380 873 1450 quoque
907 1339 1071 1450 proditio

56 1497 121 1548 aut
145 1477 373 1574 proditionis
395 1501 501 1549 causa
528 1499 771 1573 quaereretur.
817 1480 861 1551 Id
886 1480 986 1551 enim
1013 1478 1073 1548 de-

56 1629 164 1674 mum
188 1627 275 1701 ago,
300 1601 437 1698 inquit,
466 1628 541 1673 non
568 1621 644 1672 tam
670 1607 747 1676 mei
773 1604 962 1678 commodi
988 1626 1074 1673 cura
1116 1586 1121 1595 ¹
1180 1684 1183 1689 ¹

59 1753 172 1823 quarn
197 1725 327 1810 vestri,
353 1745 556 1821 metuoque
579 1752 626 1798 ne
645 1729 808 1823 cuipiam
834 1730 925 1800 mali
948 1753 1075 1800 semen

60 1881 101 1927 ac
123 1854 351 1951 principium
376 1851 503 1923 videar
526 1854 762 1946 praestitisse.
812 1852 868 1925 Ad
887 1855 975 1924 haec
992 1860 1076 1924 Per·

59 2006 119 2052 sae
159 1978 280 2050 verbis
321 1976 622 2048 honoratioribus
662 1981 795 2075 gratias
832 1975 1073 2049 confitentur:

59 2128 179 2199 neque
205 2102 346 2174 detenti
379 2101 476 2171 ultra
502 2100 703 2196 donatique
732 2127 819 2173 auro
846 2103 950 2172 omni
975 2098 1076 2196 quod

59 2253 182 2329 secum
207 2228 247 2297 in
272 2224 405 2297 loculis
430 2223 667 2309 advexerant,
695 2226 742 2296 ad
763 2253 886 2325 regem
903 2220 994 2298 cum
1015 2227 1076 2296 lit-

60 2357 147 2425 teris
173 2353 415 2424 remittuntur
442 2375 533 2446 quae
557 2351 662 2422 fuere
686 2351 911 2428 huiusmodi.

135 2483 261 2552 XLVI.
294 2480 395 2558 „Rex
426 2475 630 2546 Alexander
663 2477 775 2570 patris
800 2476 967 2573 Philippi
1000 2498 1077 2544 ma·
1105 2485 1256 2541 Alexandri

1067 2571 1196 2624 ·litterae
1218 2575 1253 2628 ad

61 2605 149 2688 „tris
165 2597 394 2697 Olympiadis
419 2600 498 2697 regi
517 2624 647 2698 regum
672 2618 709 2671 et
733 2600 937 2671 concessuri
954 2599 992 2653 (θ)
1006 2605 1063 2670 De
1089 2656 1212 2713 Darium.

62 2777 78 2814 ‚‚
87 2730 250 2800 Mithrae
289 2724 475 2816 simulque
515 2747 603 2792 cum
636 2724 714 2793 sole
747 2723 883 2822 orienti
915 2724 1078 2796 maximo

63 2863 280 2940 „Persarum
303 2849 460 2943 domino
485 2849 604 2919 Dario
626 2847 780 2918 salutem
805 2846 906 2920 dicit.
956 2854 1080 2944 Turpe
1095 2848 1110 2855 ”

64 2979 182 3064 „mihi
201 2973 401 3048 admodum
422 2972 542 3045 videri
559 2975 671 3056 solet,
699 2990 844 3044 tantum
871 2999 994 3073 regem
1007 2979 1080 3046 Da·

63 3078 192 3191 „rium
228 3121 265 3173 et
296 3101 396 3171 hisce
429 3097 569 3191 viribus
604 3099 808 3183 consitum,
840 3105 1005 3171 Deorum
1038 3117 1083 3172 ut

64 3228 273 3327 „praedicat
298 3249 563 3307 consessorem,
591 3223 664 3297 ,sub
691 3223 873 3298 ditionem
896 3226 1083 3297 homullo·

67 3381 190 3439 stum,
217 3370 259 3423 ut
272 3368 390 3434 retur,
418 3348 759 3447 contemptibilium
775 3350 1017 3424 deventurum
1031 3349 1083 3436 (¹),

97 3605 136 3656 (a)
154 3602 218 3649 cod.
235 3601 291 3652 sibi.
318 3600 353 3656 (b)
372 3603 435 3651 cod.
455 3601 504 3648 his.
531 3603 567 3654 (c)
584 3601 647 3648 cod.
665 3602 810 3648 comessari.

118 3789 166 3872 (1)
188 3797 239 3851 Hic
253 3799 328 3935 locps
344 3798 425 3869 plane
439 3793 508 3848 mihi
523 3772 631 3866 prodit}
655 3794 775 3848 codicem
794 3796 912 3869 aliquem
933 3797 964 3848 ·1·
979 3793 1086 3849 Valerii
1191 3785 1198 3797 ’

70 3883 173 3940 lectum
191 3900 249 3934 essa
269 3903 285 3936 ο
297 3884 336 3936 im
353 3881 525 3936 eFrancisco
540 3882 641 3932 Iureto.
670 3884 697 3934 Is
714 3881 786 3934 enirn
804 3881 839 3939 ad
855 3881 1011 3950 Symmachi
1025 3880 1085 3951 epi3

70 3971 168 4026 arolam
183 3981 301 4025 xxxrrr·
314 3966 379 4024 libri
393 3983 437 4024 rr·
451 3965 508 4038 (ed.
526 3967 607 4038 paris.
621 3981 665 4022 an.
679 3962 784 4023 auctr.
803 3967 833 4021 in
848 3967 961 4022 miscell.
972 3985 999 4038 p.
1009 3964 1085 4035 127.)
