2776 4934
226 434 287 488 170
513 420 780 485 ALEXANDRI
802 416 939 525 oms

123 584 125 588 ¹
156 630 160 639 ·
204 578 306 666 'lites
332 610 370 665 et
394 594 524 666 urbem
550 595 654 665 illam
680 587 758 694 igni
780 600 923 664 'vastare
950 589 1154 662 mandavit.
1173 585 1245 659 Sed

221 722 406 818 legatione
434 719 630 794 Abderitae
654 720 804 803 docent,
831 744 909 819 sese
924 716 1020 788 illud
1045 739 1123 807 pon
1152 712 1243 785 odio

221 864 481 940 contemptura
506 846 626 945 graeci
650 847 752 952 regis·
768 848 919 941 eiusque
944 841 1141 915 iustissimi
1168 837 1244 910 fac·

221 976 330 1044 titare
343 999 354 1054 3
382 973 483 1044 enim
508 991 671 1043 metuere
695 972 877 1066 impetum
903 968 1149 1042 barbarorum
1162 992 1242 1039 mo·

221 1115 352 1192 tusque
385 1097 822 1215 Dariipinoonsultiores:
866 1097 925 1168 cui
957 1094 989 1166 si
1021 1109 1111 1189 post
1141 1117 1239 1163 mea·

220 1244 278 1296 tus
292 1226 331 1276 (¹²)
360 1220 501 1318 aliquid
526 1223 566 1293 iu
601 1248 677 1293 sese
701 1222 872 1293 relietum
898 1221 1013 1304 foret,
1033 1244 1128 1295 ‚non
1163 1216 1238 1290 abs·

220 1376 292 1445 que
317 1375 435 1443 poena
463 1346 681 1421 Abderitum
704 1346 820 1429 foret,
854 1347 967 1442 quod.
988 1344 1234 1418 Alexandrum

218 1475 259 1545 ln
287 1478 488 1545 amicitiam
523 1493 648 1545 contra
676 1480 802 1545 Persae
829 1472 1025 1545 commoda
1059 1490 1232 1569 receptas·

220 1619 312 1671 sent.
348 1602 463 1698 Igitur
488 1625 632 1671 reverso
658 1599 747 1682 tibi,
773 1600 899 1682 aiunt,
934 1619 972 1672 et
1003 1600 1146 1672 victori
1178 1623 1230 1695 pa·
1257 1634 1263 1647 ·

219 1726 395 1797 rebimus.
430 1725 486 1798 Ad
511 1727 600 1796 haec
625 1751 689 1832 rex
710 1726 820 1794 illum
855 1749 966 1821 quem
1000 1729 1232 1824 conceperint

221 1851 266 1922 de
295 1855 407 1923 Dario
434 1872 574 1922 metum
600 1849 742 1921 abicere
766 1852 945 1946 supplices
964 1854 1086 1937 iubet,
1119 1878 1229 1950 neque

218 1977 375 2046 ulterius
402 1977 478 2047 eius
504 1979 589 2048 vim·
615 1995 724 2072 atque
746 1978 994 2072 inpotentiam
1019 1978 1227 2051 formidare.

217 2107 296 2171 Nec
332 2117 453 2169 tamen
492 2127 532 2176 se
572 2104 684 2184 velle,
718 2104 923 2197 respondit,
958 2104 1090 2176 urbem
1125 2130 1226 2203 quam

217 2223 527 2296 confidentissime
551 2244 726 2296 reserent:
763 2253 800 2298 se
831 2230 871 2298 in
903 2235 1088 2325 praesenti
1130 2233 1224 2329 oppi-

217 2349 306 2420 dum
345 2350 443 2419 haud
481 2329 745 2450 ingressurum:
787 2355 1004 2427 enimcum
1032 2385 1224 2445 revenere,

215 2477 354 2572 inquit,
382 2501 457 2547 non
483 2480 612 2571 hospes
644 2476 749 2549 vobis
782 2480 845 2582 sed
870 2484 1008 2554 amicus
1037 2494 1116 2559 ero'.
1166 2485 1226 2559 His

214 2601 321 2672 dictis
345 2605 416 2674 iter
450 2605 497 2675 ad
530 2609 714 2674 Euxinum
747 2605 884 2690 tendit,
920 2632 1129 2707 omnesque
1162 2610 1226 2685 sibi

167 2736 169 2740 ’
214 2727 323 2799 urbes
350 2730 428 2800 eius
454 2732 574 2802 litoris
598 2731 777 2804 vendicat.

39 2866 201 3003 ddlexuu-
281 2862 380 2937 LXI.
418 2858 586 2951 Equestri
612 2858 768 2953 denique
788 2865 962 2955 Neptuno
976 2862 1229 2961 sollempniter

36 2953 201 3090 tidilphlii-

36 3122 104 3173 oum
123 3126 200 3194 palu·
211 3111 298 3182 satis
324 3126 360 3180 et
385 3106 601 3178 inviabilem
626 3134 712 3205 prae
738 3113 866 3210 rigore.
912 3119 1012 3210 Quae
1047 3116 1150 3188 circa
1175 3142 1227 3191 oo·

36 3208 105 3263 dem.
210 3253 361 3329 cupatus
387 3231 556 3306 omnibus
582 3233 680 3305 hisce
707 3234 874 3308 deficitur
908 3262 999 3333 quae
1026 3240 1075 3310 ad
1102 3244 1227 3314 alimo-

214 3001 382 3078 operatus
409 2982 455 3052 ad
479 2984 661 3054 Maeotim
677 2985 715 3034 ‘¹'
740 2984 913 3080 paludem
939 2986 1044 3058 venit
1064 3013 1227 3087 asperam

208 3363 310 3433 niam
337 3361 579 3456 requiruntur.
616 3359 733 3459 Igitur
759 3361 859 3436 fame
884 3364 1039 3436 obsessis
1056 3368 1116 3441 ita
1130 3394 1225 3467 prae·
1268 3388 1270 3393 '

206 3536 1223 3567 --—-—-;--·-·-·-·-···—-—-—-——--—-—..-.„

231 3614 274 3665 (a)
293 3613 355 3659 cod.
372 3615 482 3661 ineatur.

205 3719 1220 3751 -......--..-,-......-...-.....-,,,-,

249 3819 295 3891 (1)
318 3823 384 3875 cod.
402 3825 463 3878 heic
489 3827 628 3881 et.Itiner.
654 3840 711 3899 cap.
727 3843 793 3881 xvr.
818 3830 876 3882 sina
897 3831 1069 3906 diphthongo
1095 3816 1238 3897 Μιιυιίιη.Ι

204 3906 272 3960 Ideo
298 3907 411 3962 fortasse
432 3912 520 3967 brevis
547 3913 651 3981 syllaba
672 3914 760 3984 prima
790 3916 861 3986 apud
890 3916 1024 3975 Ovidium
1056 3924 1145 3981 Tria.
1171 3926 1214 3982 tn

108 4002 110 4009 ’
203 4001 244 4044 12.
268 4012 293 4046 v.
317 4002 340 4045 2.

693 4184 699 4227 l
