2776 4934
328 327 369 390 4ο
685 319 984 404 armannum

309 477 456 565 =veruna
480 489 688 565 lacessitum
710 491 886 565 obviasse.
936 497 1036 588 Quae
1057 507 1263 587 utcumque
1289 513 1344 601 res

327 618 458 701 fuerit,
485 644 561 690 sese
584 643 681 689 nunc
707 634 876 712 quaesere
900 634 1057 692 matrem
1077 604 1344 689 sibiallectio·

327 769 473 839 tresque¹
486 740 684 826 ‘restituat,
720 761 876 838 quarum
908 741 1072 840 pretium
1103 740 1225 827 facere
1247 740 1344 815 suri

328 869 465 941 talenta
493 872 546 937 ·Χ·
573 869 687 941 milia.

196 1037 318 1096 Alexan-
404 998 478 1066 xl.
502 997 652 1097 'Verum
675 994 878 1069 Alexander
900 992 1030 1065 refert:
1065 991 1104 1065 si
1128 989 1346 1087 praecedeu-

155 1123 318 1198 drirespon·
329 1119 425 1188 tium
459 1096 604 1191 mem'dr
635 1121 702 1213 ait,
744 1120 834 1191 belli
859 1119 899 1169 (ι)
930 1117 1122 1191 fortunam
1154 1123 1345 1189 Persarum

154 1228 224 1264 sam.
278 1276 283 1281 ·
330 1244 463 1316 merito
497 1245 712 1319 inclinasse:
749 1244 955 1338 frustraque
986 1267 1085 1314 nunc
1119 1226 1347 1325 offerrilsibi

248 1420 265 1451 ,
300 1453 304 1464 Ι
329 1394 399 1442 ceu
424 1369 456 1440 si
476 1370 550 1442 sint
574 1343 687 1441 dubia
709 1395 801 1465 quae
822 1371 903 1441 iure
924 1344 1058 1441 Martis
1079 1369 1160 1454 iam,
1176 1392 1240 1439 sua
1263 1366 1346 1449 siut,

328 1520 404 1567 una
428 1497 510 1590 ipso
538 1495 601 1589 qui
626 1497 811 1595 largiatur.
850 1494 983 1567 Darius
1008 1519 1095 1566 vero
1122 1493 1154 1564 si
1177 1493 1273 1564 velit
1295 1516 1348 1564 re·

330 1619 417 1692 absa
450 1618 621 1709 fortunae
651 1646 778 1716 parere
811 1620 1033 1715 victorisque
1058 1642 1164 1690 nosse
1190 1618 1347 1691 clemen·

330 1749 442 1831 tiam,
487 1744 576 1842 quid
611 1772 743 1841 quaeso
777 1748 928 1816 interest
943 1744 983 1796 (a)
1008 1762 1051 1813 ut
1083 1767 1199 1813 manu
1231 1744 1286 1816 ita
1313 1748 1347 1816 et

331 1871 499 1942 moribus
528 1885 661 1960 sponte
694 1893 733 1938 se
764 1868 960 1939 dedat<²>2
1000 1875 1151 1963 Neque.
1162 1867 1347 1963 paeniteat

332 1992 457 2063 suini
482 1989 623 2061 bellum
648 1991 811 2063 mavelit.

164 2151 322 2208 Nempe„
408 2118 501 2188 XLI.
533 2113 644 2185 Hisce
678 2118 878 2211 responsis,
913 2124 1134 2201 Damascum
1158 2119 1259 2215 capit
1283 2118 1349 2196 ob·

157 2240 417 2312 1³³¹¹¹³³⁰¹¹¹¹¹nisu
442 2239 515 2309 levi
551 2263 665 2333 opum
691 2224 956 2345 conditorium*
976 2245 1208 2338 persicarum.
1251 2251 1349 2317 Tum

158 2325 322 2464 {3210ng
333 2370 472 2466 legatos
489 2365 680 2460 intercipit
695 2365 957 2440 Thebanorum
978 2385 1015 2440 et
1032 2364 1351 2465 spartanorum.‘⁵²

158 2495 240 2564 capit.
323 2491 449 2564 'Dario
475 2486 724 2576 blandientes,
755 2490 826 2563 sibi
853 2493 1011 2589 iniquos.
1061 2500 1191 2594 Neque
1215 2495 1255 2565 in
1287 2520 1350 2571 eoa

218 2650 222 2661 ·
333 2616 504 2688 inmitius
536 2616 704 2686 consulit·
726 2618 892 2716 gentium
928 2617 1027 2703 iure,
1059 2619 1124 2692 sed
1155 2619 1243 2692 daus
1269 2646 1352 2695 mo·

335 2741 490 2814 destiam
513 2739 688 2835 tempori.

175 2863 256 2925 adam
264 2864 325 2933 Ty·
410 2871 523 2946 xm,
557 2871 704 2958 Tyrum
734 2867 883 2951 undem
897 2870 934 2921 (Φ)
966 2872 1114 2973 veniens
1148 2867 1356 2943 sacrificare

159 2965 220 3002 rum
252 2949 324 3001 obsi·
476 2991 484 3007 .
606 2989 614 3004 .
746 2972 749 2977 ·
939 2991 948 3008 .
1183 2987 1191 3001 .

161 3032 208 3085 det
260 2993 489 3104 cap,Herculr
512 2991 652 3070 volmt,
687 2989 787 3083 quod
811 3016 911 3063 secus
936 2993 1080 3061 mcolae
1104 3003 1354 3077 assumentes,

159 3129 324 3192 tamquam·
334 3112 571 3188 internuntiis
604 3112 743 3208 caesis,
771 3135 893 3191 catuas
925 3112 1017 3185 belli
1048 3113 1184 3185 sibiet
1213 3111 1355 3186 excidii

159 3215 222 3256 sus.

365 3307 408 3360 (a)
425 3309 467 3355 lt·
480 3301 541 3350 uod.
569 3297 604 3354 (b)
623 3299 688 3350 0⁰¹1·
704 3312 730 3381 et
746 3312 851 3360 partam
866 3319 956 3353 naam.
981 3307 1018 3359 (c)
1034 3306 1096 3352 cod.
1112 3315 1209 3353 mma.

331 3386 1353 3421 *m

380 3456 425 3528 (a)
446 3461 479 3512 In
502 3456 594 3510 codice
616 3456 817 3526 interpungitur
837 3472 899 3528 post
925 3456 1008 3525 aaut,
1031 3461 1141 3534 quaesi
1163 3461 1349 3530 interpunctio

337 3545 458 3615 placeat,
488 3542 660 3597 mallandum
689 3543 801 3594 fortasse
827 3554 867 3594 est
891 3541 1031 3598 bellorum.
1068 3546 1144 3600 Dicit
1167 3557 1257 3597 autem
1277 3548 1349 3600 Ale-

337 3627 457 3693 xander,
485 3644 513 3679 ae
531 3628 689 3700 praeteritas
704 3629 846 3680 Persarum
860 3628 889 3680 in
909 3630 1050 3683 Graeciam
1067 3630 1239 3685 excursiones
1256 3631 1348 3687 ultum

337 3712 441 3766 venisse
462 3730 524 3766 oum
539 3714 660 3767 exercitu
677 3713 707 3765 in
724 3713 820 3767 Asiam
835 3713 882 3785 qui
896 3714 966 3767 iustu
985 3715 1095 3769 fortuna
1115 3715 1204 3769 vietor
1221 3719 1347 3770 evaserit.

382 3792 427 3871 (2)
448 3793 554 3866 Nempe
575 3800 689 3871 supplex
706 3798 799 3851 veniat
814 3799 849 3851 od
869 3799 1072 3865 Alexandrum,
1093 3801 1169 3873 qnod
1190 3802 1229 3854 ait
1248 3801 1347 3856 Arria-

336 3901 386 3934 nus
406 3884 442 3934 11.
459 3887 500 3934 14.
523 3883 617 3937 Codex
632 3896 722 3936 autem
740 3883 820 3936 habet
840 3883 961 3937 sedebat.

849 4028 864 4069 a
