2776 4934
331 392 395 447 wa
744 388 922 487 annolus

336 555 500 637 »scriptor
525 552 565 615 de·
590 541 820 617 Psammeticho
843 550 1018 634 (mendose
1045 547 1145 613 fortas
1204 536 1347 633 Congius

336 658 421 723 >rpr0
445 636 674 721 Nectum-llo„
696 650 741 705 καὶ
758 648 860 707 invdia
879 644 973 705 e'aurir
985 646 1080 718 mala
1182 664 1247 706 aar,
1271 646 1348 697 ml·

337 739 424 791 artua
437 736 465 789 ἐν
478 740 509 807 τῇ
528 738 599 870 χωὶἶ
617 732 699 791 αὐτοῦ
714 728 809 810 ρἆδον
824 738 964 805 imiimi·
1007 721 1076 783 Ubi
1090 721 1240 805 Aesopus
1264 716 1347 777 eius·

339 809 440 872 rilem
464 805 575 870 Callist
600 809 670 869 enis
703 811 883 895 interpres,
965 808 977 867 i
1000 822 1033 869 et
1053 806 1238 869 versionem
1264 820 1347 861 susm

330 894 552 957 'srConstantio
572 894 778 957 Constantini
797 894 904 982 magni
948 892 994 953 lio
1018 890 1137 953 dicavit
1150 890 1190 942 (Ι)
1208 894 1349 961 humbri

341 993 474 1061 »virgam
487 981 619 1041 vertit?
646 978 712 1040 Iam
726 1001 798 1042 cum
810 978 898 1039 dixit
916 988 1051 1059 Aesopum
1093 997 1129 1036 ro
1145 980 1219 1037 lolio
1238 978 1349 1037 mm

342 1064 484 1124 eumdem
502 1086 640 1126 errorem
656 1066 799 1147 peccavit
812 998 1224 1153 cmgius‘piomhumms.
1248 1058 1348 1129 Porro

343 1172 381 1217 eo
405 1151 438 1209 in
459 1149 527 1209 loco
552 1167 620 1211 tum
637 1150 882 1216 Bellovacensie··
895 1148 911 1231 (
920 1168 989 1231 cap.
1000 1146 1054 1231 Ι.)
1076 1162 1145 1208 tum
1161 1144 1348 1223 Antoninus

343 1226 541 1318 (suh‘initio
558 1235 709 1321 oapss.)
732 1234 801 1294 tum
821 1214 924 1296 cddex
942 1232 1161 1293 ambrosianus
1202 1228 1231 1289 F
1319 1270 1330 1299 ,.

341 1320 460 1382 habent
480 1330 616 1402 virgulam
642 1349 680 1383 aar
709 1328 786 1403 ligno
809 1327 916 1383 hebeni·
957 1318 1104 1402 Nempe,
1121 1330 1169 1377 ut*
1206 1307 1216 1329 ⁶
1244 1314 1281 1349 ⁰*

341 1405 457 1465 arctior
471 1404 623 1482 historia,
652 1427 719 1467 non
738 1405 904 1468 brevitate·
919 1404 1020 1463 solum
1037 1417 1071 1463 et
1090 1400 1191 1477 stilo,
1202 1398 1284 1461 wod
1296 1418 1349 1459 re·

227 1571 230 1577 .
337 1489 403 1551 ‘hus
419 1490 499 1575 ipsis
518 1489 681 1563 interdum
699 1491 809 1551 differt
825 1510 843 1549 a
860 1488 945 1549 Iulio
958 1489 1100 1555 Valerio.
1185 1528 1188 1539 ·

407 1582 437 1639 6.
461 1574 512 1637 Ab
524 1592 654 1636 auctore
664 1574 957 1665 catalogi'codicum
969 1573 1103 1663 Angliae
1112 1560 1155 1631 Τ.
1164 1566 1196 1631 I.
1213 1570 1252 1631 in
1261 1564 1348 1631 codd.

341 1661 469 1748 ‘collegii
487 1663 676 1723 oxoniensis
693 1661 835 1747 corporis
851 1657 975 1721 Christi
990 1670 1043 1719 n.⁰
1058 1680 1197 1720 uoxnrx.
1207 1656 1264 1743 82.
1281 1674 1349 1741 pro·

230 1767 233 1773 ’
265 1832 268 1837 Ι
318 1744 463 1821 stertui:
488 1756 572 1811 lulius
590 1755 716 1812 Valerius
730 1758 765 1811 ds
779 1757 839 1810 vita
854 1766 881 1807 et
903 1744 1159 1808 ottruAlewdri.
1257 1760 1266 1779 “

409 1843 438 1894 7.
463 1832 514 1892 Ab
536 1847 665 1893 auctore
685 1832 822 1918 catalogi
845 1828 989 1891 codicum
1010 1827 1227 1888 bibliothocae
1246 1824 1348 1913 regite

344 1915 539 1977 Parisiorum
563 1919 602 1976 T.
617 1916 679 1976 IV.
700 1938 736 2001 p.
755 1924 805 1976 12.
829 1913 899 1973 cod.
916 1910 1242 1977 1vancccrxxx.leai
1261 1924 1347 1972 sumt

343 1998 448 2063 Reru'm
462 2007 497 2060 ab
513 2007 679 2063 Alexandro
697 2026 796 2081 magno
815 2021 953 2081 gestarum
972 2006 1036 2063 libri
1051 2021 1105 2060 tras
1120 2006 1167 2079 qui
1187 2002 1239 2057 sola
1253 2003 1348 2075 Aesopi

342 2093 437 2167 graeci
457 2092 503 2146 ael
520 2090 693 2148 Callisthenis
710 2095 816 2149 nomino
832 2089 1071 2165 circumferuntur,
1091 2090 1161 2147 lulio
1179 2090 1212 2147 V
1206 2088 1296 2145 alerio
1311 2092 1347 2143 in·

342 2188 470 2248 terprete.

407 2251 516 2337 Atque
531 2254 566 2314 hi
582 2252 711 2337 quidem
727 2255 873 2315 homines
888 2252 965 2315 Iulii
975 2252 1095 2318 Valerii
1110 2253 1271 2337 scriptum
1282 2270 1348 2337 prae

343 2338 490 2401 manibus
508 2338 699 2400 habuerunt.
737 2339 800 2401 Sed
815 2338 960 2411 nonnulli
976 2355 1138 2425 praeterea
1150 2338 1279 2401 Iulium
1292 2338 1346 2401 Vt·

343 2424 458 2485 larium
480 2425 652 2515 scriptores
671 2442 916 2488 commemorant
934 2424 1016 2487 fama
1034 2422 1259 2487 tantummodo
1278 2424 1344 2495 alie·

343 2531 449 2594 araque
460 2510 637 2571 traditione
653 2513 828 2611 cognitum.

412 2604 441 2656 1.
466 2596 585 2683 Gaspar
594 2597 745 2657 Barthrus
758 2598 795 2656 in
803 2595 1066 2661 Adversariorum
1079 2594 1166 2657 libro
1173 2592 1221 2656 II.
1241 2616 1345 2682 oapi.

345 2681 557 2742 monachalem
572 2681 736 2765 quamdam
756 2684 817 2765 (ut
832 2684 904 2768 ipse
921 2682 1089 2766 loquitur)
1113 2679 1152 2742 de
1166 2680 1345 2743 Alexandro

345 2765 512 2827 historiam
526 2767 724 2857 prodigiosis
740 2765 911 2829 mendaciis
930 2766 1060 2829 farctam
1074 2780 1107 2826 et
1122 2765 1346 2853 mntemptilri·

344 2850 427 2927 lem,
448 2854 483 2911 iu
507 2854 612 2913 charta
635 2855 784 2936 scriptam
799 2852 950 2914 hahuisse
971 2874 1005 2913 se
1029 2853 1092 2931 ait,
1115 2874 1209 2935 quam
1231 2872 1347 2933 anony-

345 2958 426 2995 mam
441 2960 539 3022 quum
554 2936 693 3012 videret,
713 2935 797 2997 idem
816 2960 896 3022 opus
915 2938 1134 3012 existimavit,
1157 2936 1251 3022 quod
1267 2940 1347 3001 Iure·

344 3034 400 3079 tus
424 3020 607 3081 laudaverat
630 3021 708 3082 Iulii
733 3021 866 3084 Valerii.
909 3024 977 3110 Ego
1000 3026 1076 3084 ve'ro
1105 3022 1213 3083 nullus
1237 3022 1347 3089 dubio

347 3106 427 3188 quin
442 3104 593 3179 Barthius
608 3127 674 3166 eam
688 3104 847 3168 inficetum
863 3108 1030 3170 historiam
1042 3105 1249 3193 possederit,

344 3189 552 3277 Argentorati
575 3187 660 3249 edita
684 3190 761 3250 olim
787 3207 851 3267 est,
881 3195 991 3269 cuius,
1011 3208 1137 3276 praeter
1158 3128 1348 3279 imprex

347 3275 520 3357 exemplar,
549 3272 649 3335 codex
673 3296 803 3359 quoque
821 3278 1002 3340 chartaceus
1022 3276 1203 3339 Mediolani
1223 3294 1302 3347 trun
1319 3282 1368 3343 in-

346 3359 542 3420 ambrosiana
555 3357 749 3422 bibliotheca
761 3378 916 3441 servatur,
938 3379 1007 3424 tum
1021 3364 1055 3424 in
1068 3361 1244 3444 braydensi
1263 3388 1347 3429 .mss.

345 3442 452 3509 I.v11.
473 3451 524 3504 25.
555 3445 653 3507 Error
676 3460 781 3505 autern
795 3446 920 3512 Barthii
957 3450 1071 3510 rirnum
1090 3471 1130 3509 ex
1148 3471 1187 3510 eo
1203 3452 1349 3543 coargui·

344 3543 417 3606 tur,
440 3528 526 3613 quod
538 3531 600 3606 ait,
623 3555 640 3592 a
663 3531 817 3593 Silvestro
837 3472 967 3596 Giralslo
993 3536 1069 3594 satis
1091 3550 1200 3595 vetere
1219 3558 1350 3601 auctore

345 3613 424 3676 hanc
440 3616 606 3677 historiam
630 3617 739 3693 citari3
764 3640 873 3681 rursus
896 3621 983 3705 quod
1000 3620 1070 3680 eius
1092 3634 1258 3683 auctorem
1276 3624 1351 3687 dicit

315 3788 1352 3843 ·—-·-...-.-...........A......-.--.-

389 3953 437 4035 (1)
462 3965 518 4017 Har
533 3983 611 4035 super
628 3985 658 4018 re
671 3964 770 4018 rideris
788 3964 860 4021 diota
877 3968 907 4022 in
922 3969 1037 4041 praefat.
1054 3969 1193 4025 Itinsrsrii
1208 3992 1271 4046 sap.
1287 3990 1330 4029 vt.
