2776 4934
131 415 136 425 '
185 444 244 503 sco
475 433 743 499 Aunxaunru
766 434 903 498 ourvs
993 511 997 522 ¹
1056 499 1060 507 ,

187 611 353 696 „sceleris
371 607 548 704 parilium
575 608 844 702 conspiratione
869 608 1014 679 hostem
1030 622 1069 675 te
1081 600 1204 675 nostri

186 734 404 833 ,profiteris
431 733 492 802 cui
518 758 628 827 qnam
653 733 763 830 longe
787 732 1028 826 praestantius
1046 728 1087 780 (⁶)
1104 727 1204 819 foret

185 859 250 944 „id
274 844 371 930 inter
398 860 593 929 Graeculos
618 857 798 939 iactitare,
826 882 919 953 quos
943 864 1101 929 Graecos
1127 851 1205 925 fere

186 1004 252 1068 „nt
286 984 434 1053 inutiles
452 977 487 1032 (l)
523 990 711 1053 Persarum
750 1007 858 1081 regna
897 1008 973 1057 non
1009 978 1205 1077 quaerunt

186 1117 272 1195 „Sat
297 1111 407 1207 igitur
432 1105 548 1177 habeo
574 1108 634 1176 vel
661 1107 732 1177 hoc
759 1124 904 1187 tantum
930 1102 1206 1204 imprudentiae

186 1236 373 1333 „signum⁹
402 1231 501 1335 quod
525 1249 622 1301 ratus
648 1256 714 1302 nos
740 1233 958 1306 vestratibus
971 1229 1116 1303 similes
1134 1229 1205 1297 huc

187 1357 443 1441 „contendisti
471 1357 567 1450 Quin
584 1380 669 1454 ergo
688 1374 822 1438 errata,
842 1360 983 1459 corrige
1007 1378 1079 1427 nec
1098 1350 1207 1425 addas

187 1483 420 1572 ‚huiusmodi
445 1481 669 1552 facinoribus
695 1483 973 1553 incrementum.
1016 1478 1207 1551 Estenim

188 1609 313 1690 „scire
331 1634 397 1680 nos
424 1600 557 1702 quibus
578 1612 743 1677 Deorum
757 1610 892 1700 pariter
909 1624 945 1679 et
958 1604 1159 1701 prudentia
1175 1622 1207 1674 et

188 1733 368 1833 „dignitas
395 1732 511 1814 ἡγεῖ,
540 1730 695 1826 peccatis
712 1731 789 1801 istis
814 1732 1065 1803 uthominum
1081 1729 1206 1801 subve·

115 1939 122 1947 ,
189 1861 303 1941 ,nire
333 1867 467 1969 Censpo
483 1858 595 1955 igitur
611 1858 669 1926 uti
684 1854 728 1924 ad
749 1854 975 1926 adorandum
994 1882 1059 1965 nte
1074 1856 1206 1937 venias,

190 2009 264 2068 „ne
291 2000 418 2053 contra
445 1980 688 2075 inobsequens
721 2005 878 2073 poenam
903 2009 972 2078 pro
999 1982 1111 2053 venia
1139 2004 1207 2051 me·

100 2171 102 2175 .
191 2109 336 2192 ,rearis
372 2105 480 2202 Quod
504 2122 544 2174 ut
577 2104 648 2175 tibi
675 2124 797 2176 ratum
821 2110 870 2177 sit
901 2114 1030 2178 Iovem
1064 2108 1152 2181 iuro
1176 2122 1207 2179 et

191 2248 387 2327 „parentes
408 2253 530 2308 meos,
565 2254 716 2301 omnem
742 2233 799 2302 tui.
831 2232 1007 2304 iniuriam
1042 2234 1208 2328 protinus

192 2382 235 2440 „e
259 2380 343 2426 meo
369 2372 518 2450 pectore
544 2379 765 2427 recessuram
775 2375 800 2427 a.

15 2498 183 2574 augurale-
222 2472 224 2477 *
268 2487 345 2550 LII.
378 2488 426 2551 Et
451 2480 539 2551 haec
566 2482 717 2575 quidem
737 2484 871 2578 scripta
897 2483 990 2583 'regis
1007 2480 1210 2556 Alexander

8 2584 181 2732 ἔξω
192 2609 340 2705 legerat.
382 2606 495 2676 Enim
531 2607 685 2679 ulterius
717 2633 794 2681 non
828 2608 947 2680 verbis
990 2607 1058 2680 sed
1090 2606 1208 2707 gladio

119 2795 124 2805 .
194 2731 372 2828 agendam
398 2756 476 2801 rem
502 2752 620 2816 ratus,
647 2760 713 2829 per
730 2734 903 2805 Arabiam
929 2732 1209 2806 exercitumdu·

196 2857 264 2939 cit,
292 2875 401 2950 atque
426 2859 466 2927 in
493 2884 649 2953 aequore
675 2859 776 2954 quod
807 2860 964 2960 agendae
990 2860 1045 2930 rei
1081 2882 1211 2955 oppor-

195 2984 321 3053 tunius
347 2980 536 3054 videbatur
567 2985 684 3053 aciem
718 2985 891 3057 extendit.
941 2993 1018 3082 Qua
1052 2985 1211 3081 inspecta

195 3109 325 3180 Darius
352 3133 455 3202 spem
480 3108 641 3202 primam
675 3133 826 3204 eamque
855 3112 917 3183 vel
940 3110 1151 3185 maximam
1178 3111 1211 3185 in

195 3232 338 3309 falcatis
372 3230 536 3305 curribus
569 3235 700 3328 ponit:
743 3236 810 3329 qui
843 3256 886 3307 ut
918 3235 1065 3308 facilius
1099 3214 1212 3309 aciem

195 3359 361 3430 hostium
393 3359 619 3431 incursarent
651 3384 671 3430 a
704 3362 815 3431 latere
852 3363 1106 3435 conlocantur.
1150 3358 1211 3435 Sed

196 3485 237 3555 id
272 3485 468 3557 consilium
508 3488 636 3556 Persae
678 3484 801 3556 dissici
832 3485 1035 3558 Alexander
1070 3485 1212 3559 facilius

196 3608 407 3704 inopinatus
427 3609 484 3695 (θ),
516 3609 785 3684 incurrentibus
819 3610 985 3683 curribus
1019 3639 1089 3709 per
1125 3616 1209 3689 acies

195 3737 469 3835 phalangasque
504 3736 630 3806 locum
663 3737 833 3807 transitui
863 3736 976 3832 pandi
1014 3740 1211 3835 praedicit,

198 3875 1211 3911 ---.--Δ.--..-.-.-.-....-.-...

225 3963 266 4015 (a)
285 3960 348 4006 cod.
366 3960 542 4020 praestantia.
569 3960 604 4016 (b)
622 3961 688 4010 cod.
706 3966 778 4010 inter
798 3965 902 4013 inustus
927 3975 954 4016 ot
973 3968 1122 4019 Persam
1140 3972 1212 4018 law·

197 4036 277 4095 pouit
292 4038 453 4086 necessarios.
478 4041 515 4093 (c)
531 4041 572 4086 lta
591 4040 648 4086 cod.
667 4041 860 4100 praeponam.

1134 4128 1140 4157 Ι
