2776 4934
183 588 306 659 Agatho-

185 675 299 727 daemon

188 775 305 833 serpeus·

319 376 379 438 sss
606 368 875 437 nimitum
894 370 1032 433 ottrvs

334 594 337 599 -
391 508 804 627 susm-neumam
817 559 940 615 umen
964 537 1225 615 nmmum
1248 560 1338 609 con·

318 688 389 745 stat
421 671 647 767 principium
683 694 729 740 ex
752 665 961 739 'meditulio
985 670 1073 741 'esse
1104 662 1248 736 factum
1276 660 1335 744 (ι),

317 796 574 892 idque-etiam
606 818 706 866 nunc
729 817 868 866 nomen
901 791 941 863 in
970 816 1011 863 ea
1044 788 1136 863 urbe
1158 785 1336 871 retineri,

319 922 419 1021 quod
451 917 723 1017 Mesonpondio
740 918 795 985 Ψ).
811 935 973 991 vocetur.
1028 914 1339 1011 Coeptisvsutem

318 1046 595 1130 molitionibus,
619 1070 764 1145 surgere
788 1045 920 1117 visitur
949 1041 1058 1113 draco
1073 1037 1242 1137 quitiam
1268 1054 1338 1111 ter·

319 1174 440 1246 sibilis
460 1169 714 1272 magnitudine
734 1193 775 1241 sc
792 1168 998 1253 maiestate,
1026 1166 1339 1264 qui-plerumque

320 1296 471 1397 opifices
504 1293 729 1379 incursabat,
773 1295 920 1390 eiusque
953 1292 1195 1365 nonnihilum
1218 1288 1339 1385 impe«

320 1424 394 1495 diri
426 1423 535 1519 operi
555 1408 787 1493 videbantur
818 1442 895 1490 non
927 1418 1050 1493 minus
1064 1433 1189 1491 ..metu
1219 1415 1339 1487 visen·

319 1549 416 1620 tium
450 1571 562 1643 quam
585 1541 867 1643 religionem.¹
896 1542 1004 1640 Quod
1037 1568 1124 1615 cum
1155 1542 1200 1612 iu
1232 1566 1339 1615 aures

320 1670 518 1747 Alexandri
541 1648 909 1767 perventum-first„
943 1667 1049 1741 lubet
1064 1662 1100 1719 (ὂ)
1123 1669 1339 1765 insequenti

281 1875 284 1879 ,
320 1796 390 1870 sub
417 1797 496 1880 die,
521 1796 647 1867 sicubi.
663 1794 762 1867 forte
779 1818 885 1867 sacra
914 1795 980 1869 illa
1003 1792 1337 1879 belua-videretur,

321 1946 449 1994 omnes
482 1921 647 2013 undique
671 1917 894 1991 confluentes
926 1944 1054 1991 necem
1078 1918 1236 1995 draconi
1261 1946 1338 1996 mo·

319 2046 403 2117 liri:
431 2044 541 2138 idque
558 2045 701 2114 naviter
721 2040 880 2126 factum,
907 2069 1173 2145 oppressusque
1196 2072 1244 2121 eo
1265 2048 1335 2125 loci

321 2184 378 2241 est
392 2167 502 2240 draco
520 2166 585 2239 'ubi
609 2192 707 2238 nunc
723 2173 855 2239 Scoam
870 2186 1022 2242 vocant:
1049 2190 1087 2242 et
1099 2174 1333 2269 sepulchrum

320 2309 446 2364 temen
473 2291 623 2366 draconi
654 2293 841 2392 consurgit
871 2311 983 2390 opere
1006 2296 1221 2377 admodum·
1239 2300 1334 2375 labo·

321 2435 402 2490 rato
417 2417 474 2502 (³),
517 2438 556 2492 et
587 2419 720 2491 iuxtim
752 2419 958 2499 Alexander
990 2421 1094 2496 iubet
1127 2428 1333 2509 coronarier

346 2701 387 2752 (a)
403 2696 443 2745 iti
465 2701 522 2747 eod.
541 2700 654 2750 Additur
676 2708 763 2749 sutem
785 2704 940 2752 recentiore
961 2714 1041 2751 nsua
1065 2703 1096 2750 iu
1121 2708 1247 2768 muriae
1266 2734 1334 2788 ,m

321 2781 429 2827 aonios·
455 2774 498 2851 (ὁ)Ι
508 2778 578 2823 Num
594 2776 764 2824 scribendum
776 2773 863 2827 tubat
1086 2790 1089 2795 '

369 2997 416 3081 (1)
441 3003 550 3058 Curtius
572 3020 616 3055 rv.
642 3010 666 3059 8.
698 3003 863 3059 Alexander
884 3003 919 3058 ab
944 3005 1092 3058 Hammone
1116 3002 1246 3075 rediens,
1275 3022 1334 3062 uta

324 3091 395 3144 mari
420 3089 457 3142 ad
471 3086 625 3143 Mareotim
640 3089 787 3162 paludem,
817 3090 891 3143 baud
906 3090 1002 3162 procul
1024 3091 1112 3143 insula
1130 3092 1224 3148 Pharo
1241 3096 1335 3161 sitm,

323 3177 419 3232 cenitr
440 3171 634 3244 contemplatus
648 3168 702 3228 loci
715 3190 839 3228 naturam
847 3212 857 3241 ,
878 3180 994 3247 primum
1010 3178 1038 3227 in
1054 3178 1115 3249 ipsa
1130 3176 1223 3231 insuia
1237 3194 1336 3234 statu·

325 3272 370 3313 rat
385 3259 477 3314 urbem
493 3277 589 3312 novam
605 3261 727 3313 condere.
755 3262 820 3314 Iride
829 3297 839 3326 ,
862 3274 891 3313 ut
906 3262 1051 3333 adparuit,
1074 3281 1189 3334 magnae
1205 3265 1282 3320 sedis
1298 3268 1337 3319 ia·

324 3342 413 3399 asiam
430 3345 502 3397 haud
516 3362 659 3415 capacem,
680 3344 764 3415 elegit
778 3345 839 3397 urbi
851 3345 939 3399 locum
952 3347 999 3398 ubi
1012 3367 1080 3399 nunc
1094 3362 1135 3400 est
1152 3348 1336 3405 Alaunium.

368 3429 413 3498 (2)
429 3431 523 3485 Simile
536 3430 692 3501 prodigium
703 3432 797 3503 anguis
810 3433 975 3504 erumpentis
989 3451 1004 3484 e
1019 3433 1265 3491 substructionibus
1275 3454 1336 3491 nst·

325 3528 367 3568 rat
381 3516 475 3571 Livius
494 3517 517 3568 Ι.
537 3522 578 3568 66.
1268 3566 1271 3573 .

371 3598 415 3670 (5)
439 3601 616 3671 Sepulchrum
641 3599 902 3672 Agathudseruoncs
929 3602 995 3671 (uti
1021 3622 1087 3657 mox
1116 3605 1272 3674 appellatur
1296 3608 1338 3663 bis

284 3724 287 3737 .
328 3683 430 3753 draco)
456 3699 587 3738 memorat
611 3686 833 3741 Abd-Allutifus
858 3687 888 3740 iu
909 3691 1038 3761 Aegypti
1062 3689 1244 3760 descriptione
1266 3694 1340 3747 edita

327 3787 344 3821 s
357 3786 461 3822 summo
476 3770 533 3823 viro
550 3773 677 3826 Silvestre
695 3773 771 3826 Sacio
790 3791 818 3841 p.
836 3780 894 3824 177.
932 3775 992 3826 Hoc
1009 3787 1048 3839 est
1063 3787 1141 3828 vetus
1164 3776 1237 3830 illud
1255 3780 1340 3833 saeel-

327 3854 387 3909 lum
407 3855 543 3924 Serapidis
558 3869 639 3928 atque
654 3857 732 3910 Isidis
742 3856 815 3928 quod
830 3857 940 3911 Tacitus
956 3859 1020 3910 hist.
1037 3876 1080 3913 rv.
1098 3865 1139 3913 84.
1158 3862 1196 3914 sit
1217 3864 1339 3917 extitisse

329 3951 393 3991 ante
407 3940 625 3998 Ptolemaeorum
639 3954 755 3996 aetatem
771 3941 801 3996 in
818 3943 880 3995 loco
895 3942 940 3996 cui
960 3963 1058 3999 nomeu
1074 3946 1214 4004 Rlsscotis.
