2812 4920
342 457 404 519 ass
621 407 1067 518 senxssnm'omsvs

341 628 488 696 Arbores
500 630 584 690 enim
598 630 846 708 procerissimus
861 606 1066 712 virentesque
1085 641 1120 695 et
1130 650 1258 711 graves
1264 634 1363 712 pomis

343 742 458 824 ubique
474 739 667 800 mirabatur·
711 742 803 801 Haec
819 762 917 819 poma
934 754 1027 802 erant
1042 740 1097 802 vel
1112 742 1207 803 mala
1217 728 1360 825 grauidis

342 851 388 912 ad
406 850 483 911 auri
494 849 643 929 gratiam
659 849 823 920 colorata,
845 851 904 913 sed
921 852 966 911 ad
982 853 1253 935 magnitudinem
1256 846 1360 940 senm

341 976 422 1044 quae
438 962 529 1039 apzed
546 980 601 1021 nos
624 972 674 1019 est
699 960 780 1019 citri
805 964 1036 1028 excrescentia.
1084 962 1183 1024 Uvae
1212 966 1359 1042 ponderis

342 1084 377 1132 et
392 1071 573 1131 densitatis
599 1071 763 1130 inmensae
785 1090 922 1143 prorsus
947 1084 984 1132 ut
1001 1070 1155 1243 *niis
1187 1075 1300 1136 acinis
1321 1074 1358 1137 cei

342 1178 488 1261 inprobis
504 1176 544 1227 (a)
569 1182 599 1242 si
612 1181 748 1240 maioris
763 1169 798 1226 (ὓ)
821 1179 969 1242 hiatibus
987 1204 1008 1242 n
1074 1202 1244 1246 occursus·
1291 1184 1359 1245 Gra

341 1295 432 1356 natis
449 1294 550 1353 etiam
565 1292 661 1352 malis
674 1311 764 1351 suam
789 1290 850 1351 dat
871 1296 1016 1373 gratiam
1040 1269 1271 1372 magnitudoc
1298 1314 1357 1354 nau

340 1426 448 1487 granc
470 1404 538 1464 iliis
568 1423 632 1485 quo
658 1400 797 1480 glandes
823 1404 938 1479 inpetu
954 1400 989 1448 (θ)
1014 1422 1126 1463 verum
1157 1404 1358 1484 ignicantio:

298 1586 301 1593 ,
341 1526 411 1577 tam
427 1536 550 1593 sapora
567 1516 703 1597 ipsaque
718 1512 807 1573 mala
821 1532 886 1572 reon
904 1511 1012 1571 minus
1035 1532 1166 1591 pepone
1185 1506 1230 1560 (a)
1251 1534 1358 1575 excres·

340 1639 430 1689 cunt.
477 1625 667 1686 Enirnvero‘
673 1622 829 1702 potiundi
842 1617 878 1668 (θ)
899 1620 1012 1681 borum
1034 1642 1214 1700 pomorum
1240 1614 1356 1709 perdif

332 1736 443 1826 ficiiis
454 1736 599 1796 occasio:
621 1735 670 1794 ita
685 1734 795 1792 onmia
813 1729 862 1792 cei
873 1732 1030 1814 pleraque
1045 1734 1214 1795 dracones
1227 1735 1355 1815 amplexi

338 1847 512 1928 possident
533 1844 624 1907 izaud
647 1840 825 1903 errabundi
838 1837 896 1901 0³:
926 1854 995 1902 tum
1016 1864 1142 1923 genera
1169 1845 1368 1927 lacertosus!

339 1955 429 2019 haud
444 1958 550 2016 minus
568 1953 810 2016 iclueeumonum
829 1954 1070 2031 magnitudine.

342 2062 347 2071 ’
380 2063 470 2125 ·Lv.
500 2063 614 2126 Multa
628 2074 802 2141 praeterea
825 2065 1040 2124 animantium
1062 2084 1199 2145 genera·
1212 2064 1357 2126 innoxio·

338 2194 418 2257 que,
441 2173 605 2232 sedenim
623 2164 726 2254 facie
748 2174 947 2250 peregrina,
979 2176 1110 2237 nostris
1132 2177 1358 2254 experimentis

339 2283 468 2345 aliena:
493 2292 525 2339 et
541 2280 656 2340 simias
672 2281 787 2340 viseres
795 2272 914 2365 facile
928 2285 1190 2371 magnitudinem
1208 2305 1359 2345 ursarum

336 2393 536 2456 nostratium
550 2402 759 2466 supervectas
759 2381 960 2476 formasque
976 2370 1266 2458 cariad'simiarnm
1273 2416 1359 2479 quas

274 2484 277 2489 Ι
337 2505 547 2582 distinguere
573 2495 718 2584 difficile
744 2512 794 2561 est
818 2499 897 2573 [ab]
919 2501 1107 2567 bominibus
1129 2526 1202 2568 uon
1226 2508 1356 2587 insigni·

337 2604 447 2678 eisd),
487 2612 647 2671 Locorum
677 2629 756 2669 vero
786 2610 944 2695 pleraque
966 2616 1063 2674 saxis
1086 2618 1227 2697 quidem
1250 2637 1356 2697 aspera

337 2724 440 2784 sicuti
458 2723 581 2782 diction
596 2731 664 2790 est,
694 2721 752 2779 sed
776 2742 858 2803 qnae
869 2714 980 2808 facile
1001 2745 1234 2802 praesumeres
1256 2724 1354 2787 baberi

332 2846 373 2894 et
391 2831 492 2893 incoli
511 2822 609 2908 poss!
633 2830 842 2894 Numinibus.
891 2833 1025 2928 Quippe
1048 2833 1126 2897 loca
1154 2836 1237 2899 iraec
1259 2839 1352 2899 domus

334 2942 487 3005 Deorum
509 2954 644 3016 cocant,
666 2953 699 3001 et
710 2943 899 3024 plerumque
915 2944 1069 3004 visuntur
1087 2947 1128 3007 in
1152 2947 1248 3012 bisce
1269 2968 1348 3013 seces·

334 3051 423 3112 sibus
440 3052 628 3128 agere‘Dii
644 3072 695 3112 res
712 3052 935 3132 voluptarias·
965 3053 1128 3118 Addebat
1145 3054 1347 3143 quippeCuo·

334 3161 445 3221 daules
463 3173 496 3219 et
514 3172 645 3221 vocatos
660 3160 844 3224 bominibus
862 3166 1058 3244 respondere
1072 3179 1107 3229 ct
1124 3170 1226 3233 vultu
1241 3188 1345 3255 quoquc

332 3292 367 3334 se
383 3265 571 3351 regibus&
605 3270 765 3356 confiteri.
811 3277 921 3372 Quare
944 3287 982 3337 tu
1007 3296 1158 3359 meoque,
1170 3283 1225 3343 si
1253 3281 1337 3349 voles,

332 3383 476 3445 imitato
491 3378 666 3468 sacrificiis
681 3380 759 3443 haec
776 3385 945 3447 Numina:
969 3406 1026 3450 nec
1043 3387 1114 3449 erit
1141 3387 1288 3479 difficile
1298 3409 1333 3453 eu

363 3615 404 3664 (a)
423 3614 485 3659 Cod-
504 3612 554 3659 nel.
576 3600 684 3675 improb.-
703 3618 780 3663 Huud
797 3619 853 3664 scio
871 3632 903 3664 ιιι
925 3619 1064 3667 dicendum
1089 3624 1235 3684 implearis.
1264 3622 1324 3679 (im

331 3689 389 3732 cod.
409 3694 442 3741 (c)
461 3692 522 3736 Cod.
541 3692 703 3750 inpetum(
691 3695 734 3746 (d)
752 3695 813 3739 Cod.
828 3698 946 3758 pepones
974 3700 1010 3746 (c)
1028 3697 1089 3743 cod.
1110 3704 1216 3760 potiori
1238 3694 1320 3759 (ficti

329 3778 434 3824 quares
446 3767 520 3821 ferre
535 3766 644 3824 difficile
658 3779 696 3813 est
712 3767 852 3817 bominibus
872 3786 922 3817 non
939 3771 1135 3832 insignientur.
1175 3778 1218 3839 (g)
1241 3774 1320 3823 Gom

316 3840 413 3891 ‚cultus
428 3856 481 3890 csse
497 3856 545 3905 quo
560 3845 612 3889 sint
626 3840 740 3910 regibus

326 3948 1317 3993 '’P-*w

373 4024 418 4109 (1)
441 4029 476 4083 Id
489 4030 665 4088 adumbramr
677 4034 712 4087 ad
723 4036 905 4111 Hesperidum
921 4039 1054 4099 faulam.
