2776 4934
150 439 211 498 sss
432 432 701 500 ALEXANDRI
722 435 874 500 OBITVS

151 608 259 679 dente
283 610 424 691 colore,
449 608 580 701 inpetu
605 606 694 679 belli
712 610 908 703 complexu
922 626 959 680 et
977 612 1179 685 morsibus

150 736 366 808 affectarent
383 735 441 818 (α),
469 757 558 803 mox
583 734 725 804 sauciae
751 733 964 829 debilesque
992 756 1061 807 aut
1090 762 1181 833 pro-

148 863 246 934 tinus
272 859 399 930 cadere
431 877 495 929 aut
521 855 684 955 refugere
710 884 861 954 coepere
892 862 1058 933 omnino
1099 864 1184 932 nul·

148 989 228 1058 lum
260 986 388 1055 auxilii
427 985 539 1056 ullius
574 987 867 1057 emolumentum
901 984 1076 1058 dominis
1120 987 1183 1059 ad·

147 1113 315 1184 ferentes.

0 1256 136 1308 melium
222 1244 283 1309 XI.
319 1238 449 1332 Sisque
473 1237 573 1309 Indis
599 1233 645 1307 ab
670 1238 740 1309 illo
765 1233 927 1307 ferarum
953 1239 1110 1313 auxilio
1122 1240 1183 1312 de·

2 1361 52 1395 1¹01
74 1358 136 1393 cum

6 1428 46 1481 dis
147 1365 285 1436 stitulis
311 1362 468 1433 secunda
494 1363 685 1434 concursio
712 1362 803 1444 fuit,
837 1379 880 1431 ut
902 1362 977 1456 ipsi
1012 1366 1129 1458 prius
1146 1362 1184 1417 (ὅ)

147 1492 245 1560 inter
269 1512 344 1558 sese
369 1485 565 1559 virtutibus
592 1487 852 1582 experirentur.
888 1488 1013 1584 Igitur
1047 1495 1184 1562 Persae

149 1640 301 1709 coepere
327 1613 465 1710 sagittis
490 1610 600 1684 Indos
626 1613 804 1682 incessere
831 1614 1031 1707 ceteroqui
1058 1617 1181 1689 nudos

149 1764 336 1811 armorum
362 1740 574 1832 eminusque
600 1734 796 1834 configere,
823 1761 944 1832 neque
966 1739 1104 1813 minus
1119 1768 1181 1814 eos

150 1861 376 1959 equestribus
399 1863 551 1956 proeliis
578 1886 687 1956 quarn
701 1861 1033 1937 vehementissime
1054 1872 1178 1941 Mace-

1 1962 139 2103 qgephali
149 1989 262 2058 dones
287 1986 448 2082 fatigare.
483 1995 575 2057 Cum
601 1985 733 2081 quibus
760 2011 830 2057 una
866 2011 954 2057 cunr
982 1992 1073 2086 ipse
1096 1998 1177 2065 Ale-

148 2109 284 2183 xander
307 2110 471 2201 periculo
496 2135 573 2180 non
609 2111 763 2194 deesset,
804 2136 918 2205 equus
955 2114 1032 2188 ille
1064 2126 1172 2191 Buce·

144 2232 270 2329 phala,
306 2257 379 2326 quo
414 2231 632 2315 vehebatur,
672 2234 759 2302 Pori
793 2234 920 2308 dextra
952 2240 1166 2315 'vulneratur

145 2377 183 2431 et
208 2357 315 2429 cadit.
353 2356 468 2453 quue
485 2353 758 2428 Macedonibus
783 2387 892 2455 supra
920 2374 1058 2443 omnis
1079 2395 1163 2465 quae

146 2502 299 2582 possunt
324 2482 537 2578 irproeliis
563 2483 800 2556 incommoda
827 2486 947 2559 videri
978 2495 1168 2596 ingratum

147 2612 229 2680 fnit.
267 2616 387 2704 Quare
412 2609 578 2707 neglecto
613 2611 717 2680 omni
753 2613 906 2685 omnino
942 2640 1066 2712 opere
1099 2622 1172 2695 bel.

146 2733 267 2816 landi,
295 2758 431 2827 equum
464 2734 674 2806 exanimem
705 2735 783 2830 ipse
817 2739 929 2811 cauda
962 2743 1010 2815 in
1053 2766 1173 2844 partes

147 2883 226 2929 suas
253 2858 407 2929 retrahit
423 2857 478 2943 (¹),
507 2860 715 2955 metuitque
730 2887 777 2933 ne
791 2864 955 2957 spolium
973 2868 1083 2943 illud
1094 2872 1176 2944 Indi

116 2984 256 3055 ¹suum
289 2984 443 3066 vellent,
478 2984 577 3077 quod
611 3005 703 3060 esset
736 2987 942 3061 Alexandro
981 2994 1177 3087 pudibun-

147 3107 303 3178 dumet
328 3115 447 3201 Atque
468 3108 519 3176 ita
547 3113 701 3205 receptis
738 3112 812 3185 suis
845 3131 882 3183 et
912 3118 1072 3208 proelio
1110 3121 1178 3193 dis·
1219 3130 1224 3143 '

146 3240 1061 3265 ..-..-.-..,------....-............-.,.,,
1155 3255 1161 3269 ,
1195 3238 1206 3259 t.

178 3280 218 3342 (a)
234 3286 296 3334 cod.
314 3287 476 3343 affectarent.
504 3281 540 3338 (b)
558 3289 597 3332 lta
612 3272 671 3332 cod.
686 3272 739 3335 hisi
753 3290 833 3335 mavis
849 3286 940 3348 potius.
1182 3291 1186 3305 '

147 3372 1181 3397 Q,

191 3427 238 3506 (1)
262 3431 350 3484 Aliter
370 3428 468 3481 Chares
485 3429 557 3498 apud
573 3428 695 3491 Gellium
713 3431 747 3482 V.
768 3438 791 3480 2.
816 3424 1006 3485 Moribuncius
1022 3426 1182 3511 Bucephass

149 3513 192 3567 las
205 3536 236 3566 ac
255 3535 339 3586 prope
357 3516 412 3565 iam
425 3516 571 3585 exsanguis
588 3534 603 3567 s
627 3514 723 3566 niediis
737 3513 855 3567 hostibus
877 3533 971 3585 regem
994 3523 1172 3579 virtum}-

148 3619 227 3653 cursu
248 3600 356 3653 retulit:
381 3614 459 3672 atque
476 3598 521 3650 nbi
536 3620 595 3651 enin
610 3614 692 3652 extra
714 3600 770 3651 tela
790 3598 943 3664 extulerat,
966 3600 1050 3661 illico
1083 3610 1170 3665 conci·

146 3686 203 3751 dit,
226 3698 252 3735 et
268 3684 368 3736 zlomini
385 3688 439 3736 iam
457 3686 607 3755 superstitis
623 3705 747 3753 securus,
770 3686 846 3757 quasi
865 3702 924 3759 cunr
942 3706 1042 3745 sensus
1060 3692 1169 3748 humani

102 3830 105 3837 Ι
145 3769 244 3824 solatio
259 3771 375 3820 animam
390 3772 550 3841 exspiravit.
670 3776 690 3793 ''
706 3768 713 3795 ⁸
1087 3808 1093 3817 .
1222 3768 1225 3795 ¹

132 3906 136 3911 ,
188 3855 233 3923 (a)
253 3855 437 3922 Bucephalum
456 3856 523 3922 (scu
538 3854 741 3924 Bucephalam)
765 3857 793 3907 in
811 3856 888 3908 India
916 3859 1079 3943 extincturp
1102 3836 1164 3919 eon·

144 3955 215 3994 stans
233 3938 340 3991 traditio
357 3938 443 3992 docet.
465 3940 559 3994 Mortis
577 3952 668 3992 tamen
684 3959 767 4012 genus
783 3961 798 3994 a
812 3936 996 4012 scriptoribus·
1009 3932 1184 4005 Alexsndri'

142 4026 217 4079 varic
236 4023 360 4075 traditur.
