2776 4934
196 450 259 524 iso
350 502 354 515 ,
479 425 750 509 menonem
772 416 926 506 osnvs

198 617 355 704 paream)
366 661 378 694 ,
402 621 534 680 intexta
549 641 653 698 auro,
683 621 818 703 gemmis
845 605 998 679 admixta
1020 637 1098 701 quae
1122 635 1215 684 ueste

190 716 317 817 ‘coepta
325 721 520 817 fuerantffi)
546 743 580 792 et
599 743 789 821 perornata.
837 729 1039 790 Gemmarum
1061 751 1135 792 vcro
1161 734 1213 795 re·

197 843 322 924 galium
341 853 451 903 utrum
467 841 712 919 magnitudines
728 814 862 929 mirere,
885 830 929 898 on
954 859 1029 903 uero
1051 840 1210 904 coloribus

197 953 337 1025 ducere,
366 974 408 1013 an
415 943 615 1037 fulgoribus
634 952 774 1039 uincere,
798 949 957 1010 iudicium
972 972 1058 1030 ¹prae
1077 938 1211 1032 stupore

198 1082 271 1159 non!
288 1075 371 1126 crat.
423 1064 517 1126 Inter
546 1082 661 1121 aurum
688 1081 768 1122 sane
792 1064 1020 1153 purpurwre
1044 1075 1144 1123 texta
1168 1063 1216 1125 cel

170 1234 175 1251 ,
197 1158 339 1253 gemmas
353 1171 432 1233 ebur
445 1171 603 1245 multum,
624 1171 684 1233 sed
700 1175 736 1234 in
755 1171 846 1234 ebore
862 1173 982 1234 siseres·
993 1174 1079 1231 artis
1100 1175 1219 1250 pretia

115 1360 118 1364 Ι
197 1268 335 1344 maiora.
362 1269 484 1370 'Orcyx
497 1302 560 1362 pro
578 1285 691 1354 saxis,
713 1296 748 1343 ct
764 1281 929 1342 columnae
943 1279 1150 1360 degcmmis,
1183 1296 1220 1343 et

197 1414 308 1456 earum
320 1393 531 1472 proceritudo
549 1390 664 1474 ubique
685 1413 788 1473 supra
808 1404 973 1452 nostrates
989 1390 1139 1465 arbores,
1157 1393 1220 1453 sed

196 1523 280 1584 quae
300 1503 372 1562 sint
390 1503 655 1579 procerissimae,
669 1491 818 1587 suerat,
840 1499 959 1562 hebeno
982 1513 1089 1562 tamen
1109 1501 1220 1578 pluri·

196 1635 249 1673 ma
267 1612 507 1690 interpolante:
529 1613 619 1695 qnod
634 1613 666 1673 si
680 1612 727 1671 sit
746 1612 791 1670 ad
804 1611 929 1671 caeruli
944 1612 1081 1689 speciem
1098 1610 1153 1673 uel·
1166 1633 1219 1672 co·

121 1724 127 1739 '
195 1723 295 1784 iorem
311 1721 503 1801 laevigatio,
526 1737 634 1784 tamen
648 1712 835 1801 plerumque
845 1742 886 1782 ex
902 1742 941 1782 ea
951 1741 1108 1800 purpura
1121 1721 1220 1783 alind

195 1853 264 1895 esse
283 1855 381 1915 quam
400 1833 432 1893 si
447 1853 562 1893 saxum
576 1831 728 1894 hebenum
745 1829 962 1892 mentiebatur
979 1825 1026 1892 (⁰).

258 1937 378 2000 LVIII.
412 1940 492 2002 Illic
519 1956 552 2003 et
577 1938 712 2029 effigies
734 1942 894 2020 plurimae
920 1924 989 2000 turn
1016 1960 1033 2001 e
1057 1935 1235 2005 marmore·

170 2055 307 2128 uario,
331 2066 428 2115 tnme
444 2050 574 2113 metallo
586 2052 813 2134 cuiuscumque
832 2051 923 2110 modi
939 2048 1138 2112 rennuebant
1158 2072 1220 2113 nu·

195 2163 331 2224 moriam
348 2153 626 2247 aestimationem,
650 2183 731 2244 quae
750 2163 854 2221 omnis
873 2154 1216 2240 curiosi'diligentiam
1252 2226 1258 2233 ‚

196 2273 347 2337 vinceret.
398 2264 623 2335 Adeo‘mnlta
654 2267 772 2332 erant!
818 2264 978 2365 'Quamvis
1011 2270 1047 2329 in
1069 2269 1214 2348 singulis

194 2380 364 2468 figmentis
372 2371 491 2465 suerit
505 2377 677 2458 'superbior
698 2381 879 2440 admiratio
889 2421 901 2452 ,
921 2400 1033 2439 currus
1050 2399 1125 2439 sane
1135 2371 1214 2463 fal-

175 2492 178 2499 ’
195 2483 290 2553 catos
307 2511 324 2551 e
343 2488 541 2570 porphyrite
557 2489 672 2567 lapide
690 2490 749 2550 sed
764 2490 1037 2550 conliniatissime
1054 2510 1119 2550 nna
1143 2511 1215 2551 cuns

195 2597 420 2662 animantibus
438 2614 472 2660 et
485 2602 618 2680 aurigis
633 2601 679 2660 ad
695 2602 771 2661 veri
780 2590 912 2684 faciem
929 2601 1039 2661 uidere
1053 2613 1126 2661 erat
1141 2602 1217 2679 plu·

43 2707 46 2715 ’
124 2730 127 2737 ·
158 2746 160 2750 -
188 2713 294 2779 simos
324 2721 356 2768 et
380 2714 502 2787 passim
532 2708 651 2810 ubique
676 2713 882 2782 constitisse,
914 2731 996 2794 quos
1025 2723 1059 2771 et
1087 2724 1221 2787 cursuri

194 2840 292 2901 agere
309 2819 482 2898 opinarere
501 2833 534 2879 et
550 2821 677 2880 moueri
696 2823 805 2881 onncia
824 2841 887 2882 non
907 2822 1118 2887 discrederes.
1157 2827 1216 2885 Ita

193 2912 276 3015 prae
298 2950 429 2991 sorresco
439 2922 600 3013 fulgoris
617 2929 780 2990 oculorum
805 2927 924 3018 officia
945 2953 1122 3010 praeverso
1150 2934 1217 2995 labi

193 3052 266 3108 erat
283 3040 457 3117 opiniones
475 3040 685 3099 intuentium.
730 3047 795 3102 Ast
810 3041 872 3101 alii
896 3061 1010 3103 currus
1033 3045 1216 3126 quadrigas

192 3147 386 3231 elephantos
404 3149 533 3207 iunctos
548 3146 728 3221 habebant,
753 3171 869 3231 eosque
891 3150 1032 3234 hebeno,
1060 3155 1115 3214 cni
1143 3174 1217 3215 con·

192 3261 283 3324 color
299 3259 402 3320 bestia
418 3250 646 3351 verifacilius
667 3263 841 3338 imaginem
858 3262 1038 3324 retinebat:
1059 3264 1119 3322 sed
1143 3264 1217 3326 sub·

193 3383 246 3433 ter
273 3381 368 3431 erant
394 3370 544 3447 inpressa
569 3367 707 3447 pedibus
734 3370 979 3449 elephantorum
1002 3348 1214 3447 captiuorum

193 3477 614 3560 corporasnbcumbentium
623 3490 681 3537 ant
691 3478 814 3539 innexa
827 3478 1071 3560 proboscidibus
1080 3501 1215 3560 suspen·

190 3611 301 3674 saque.
351 3591 445 3687 Quae
467 3584 560 3651 finer
584 3583 754 3650 omnia'id
787 3611 864 3650 sane
895 3591 1108 3673 praecipuum
1137 3592 1213 3670 regi

192 3702 304 3777 operis
322 3699 516 3780 videbatur,
539 3701 627 3783 quod
644 3720 709 3760 ursa
728 3699 769 3760 de
792 3719 918 3778 gemma
947 3699 1110 3778 scalptum
1133 3714 1213 3761 tem·

189 3807 281 3890 plum
299 3808 509 3892 indidemque
533 3808 697 3872 columnas
719 3820 860 3871 cerneret
878 3810 1134 3892 interscalptas,
1158 3811 1213 3872 ob·

220 4059 262 4115 (a)
278 4060 317 4106 lta
334 4020 393 4105 ab„
421 4052 458 4108 (b)
474 4060 514 4104 lte
530 4057 588 4108 cod.
615 4057 651 4109 (c)
666 4060 706 4104 lta
722 4057 780 4104 cod.
