2776 4934
159 406 222 475 ιιι
427 368 704 473 ‘mannum
726 405 880 472 omrra

158 592 283 667 ,nrum
310 599 348 652 et
371 597 503 650 cuncta
529 602 622 674 quae
649 579 722 651 sint
747 576 855 651 nobis
882 578 1179 681 adobsequium

157 705 410 792 ,deferuntun
457 703 567 801 Quod
599 705 627 776 si
661 703 701 772 iu
733 692 834 775 bello
867 724 1028 801 mortem
1060 735 1174 805 quam

158 832 261 918 ,voti
286 830 356 900 erit
379 828 516 901 nobilis
541 831 645 928 virgo
660 845 805 899 strenue
822 847 986 926 oppetet,
1003 832 1174 925 etfunoti

83 980 86 984 ’
159 959 343 1043 ,honores
369 951 588 1023 adhibentur
610 942 650 1023 ¹'et
674 952 856 1025 adfinitati
877 954 1093 1031 functorum
1104 962 1173 1033 Iar·

159 1107 247 1182 ,gae
272 1079 447 1176 pecuniae
472 1080 704 1174 honoresque
728 1090 1175 1161 numeranturcsseterum

144 1205 293 1294 „nobis
319 1230 448 1276 aurum
494 1228 570 1277 non
611 1221 666 1275 est
703 1228 830 1301 neque·
857 1225 1072 1307 argentum,
1104 1211 1177 1284 nisi

160 1332 284 1431 ,quod
309 1333 420 1402 sitin
447 1327 648 1426 insignibus
674 1329 903 1406 militaribus

236 1461 399 1530 LXXIII.
433 1461 559 1537 ¹„Haeo
595 1455 660 1524 illa
692 1473 779 1525 aunt
812 1456 853 1526 in
885 1455 1019 1558 quibus
1049 1459 1180 1555 inpen-

66 1580 70 1594 “
160 1584 324 1672 ‚duntur
349 1601 473 1653 nostra
499 1578 710 1651 discrimina
735 1580 836 1650 etin
865 1606 957 1676 quae
981 1587 1109 1659 omnia
1119 1613 1181 1683 pe·

136 1707 422 1797 ·,riclitandum
456 1725 526 1789 est,
561 1720 812 1800 quaecumque
846 1712 1050 1783 Amazonas
1081 1712 1180 1788 bella

163 1834 409 1929 ,deposcentz
438 1833 539 1903 cuius
566 1849 739 1903 eventum
765 1855 843 1903 non
858 1831 944 1904 satis
957 1836 1181 1913 arbitramur

163 1959 334 2054 ,utrique
360 1955 405 2029 de
429 1958 520 2052 pari.
556 1958 701 2054 Quippe
724 1955 789 2027 ubi
814 1960 1060 2034 Amazonibus
1096 1990 1181 2038 auc·

163 2103 248 2168 ‚tor
272 2085 311 2135 (⁶)
337 2083 479 2181 generis
506 2083 623 2155 nostri
648 2087 749 2152 Mars
776 2080 927 2170 faverit,
947 2113 1069 2172 ¹mares
1095 2091 1181 2162 afe-

162 2207 297 2292 ,minis
330 2207 428 2275 caeci
445 2200 479 2257 (ὃ)
512 2207 675 2301 victique
716 2209 856 2279 maiore
880 2233 963 2280 curn
997 2211 1179 2286 dedecore

72 2386 75 2392 -
133 2363 135 2370 ’
162 2338 363 2426 §appetent
386 2330 447 2399 vel
472 2329 692 2410 dilabantur,
745 2330 817 2402 Ubi
841 2357 928 2403 vero
954 2358 1039 2405 oum
1063 2339 1179 2411 mari-

162 2455 256 2544 ,bus
281 2455 422 2526 steterit
447 2454 538 2526 belli
564 2456 733 2542 fortuna,
759 2456 929 2553 pudenda
954 2485 1010 2551 res
1042 2446 1107 2544 est,
1131 2465 1180 2534 si·

163 2584 277 2679 „quid
303 2583 364 2654 hio
388 2606 491 2652 sexus
517 2584 693 2676 superatis
709 2581 859 2654 feminis
874 2585 1063 2682 glorietur.
1078 2592 1185 2681 Haeo

83 2736 95 2761 ι
163 2708 259 2797 ,tibi
280 2709 415 2807 igitur,
444 2732 525 2790 rex,
551 2732 723 2804 responsa
748 2707 793 2780 de
820 2709 927 2782 nobis
952 2729 1056 2793 sunt,
1093 2736 1182 2806 qua·

165 2859 273 2922 ,rum
299 2835 330 2904 si
357 2832 528 2903 fiduciam
553 2820 703 2927 probas,
732 2832 948 2930 obsequium
973 2837 1086 2908 etiam
1104 2863 1181 2912 non

165 2958 444 3056 ,aspernaberez
485 2958 668 3053 siquidem
709 2976 747 3028 te
789 2985 1006 3034 coronamus
1044 2939 1181 3045 ebrona

107 3116 113 3125 ·
166 3108 297 3171 ,aurea
325 3108 463 3166 annua,
492 3108 585 3179 quae
611 3085 658 3154 sit
683 3084 854 3180 ponderis
881 3106 1016 3183 quanto
1042 3107 1085 3160 tu
1111 3090 1183 3161 ius·

164 3213 288 3297 ‚seris
331 3209 446 3301 Super
483 3210 540 3279 his
575 3210 675 3303 quod
720 3212 871 3282 movetis
905 3213 1076 3285 scribitoz
1114 3239 1182 3287 nos

165 3333 309 3421 „enim,
337 3332 368 3404 si
393 3356 494 3409 secus
518 3333 672 3420 sederit,
696 3353 841 3431 praeter
866 3362 1013 3412 amnem
1037 3340 1079 3411 in
1104 3341 1183 3412 acie

140 3509 142 3515 s
165 3458 478 3556 »deprehendes«
551 3497 552 3501 ¹

5 3585 156 3650 Alexandri
242 3590 401 3669 LXXIV
440 3588 549 3660 Hisce
580 3610 643 3660 rex
676 3588 781 3658 lectio
823 3586 1021 3661 delectatus
1055 3588 1184 3662 admo·

139 3711 331 3806 Urium,
304 3738 356 3785 sic
382 3713 580 3821 responglit.
615 3714 709 3810 „Qui
735 3730 851 3787 terrae
883 3713 1068 3788 ambitum
1101 3717 1187 3789 dili·

193 3947 234 3996 (o)
252 3942 314 3989 eod.
331 3956 412 3990 actor.
438 3940 475 3998 (b)
492 3948 530 3992 ln
548 3945 606 3992 cod.
628 3947 777 3995 Dicentem
794 3904 884 4006 capos.
905 3942 1043 3990 uinitorto
1063 3945 1189 3996 caereo

168 4017 228 4066 hoio
243 4030 293 4077 pro
308 4021 402 4068 aversi.
