2776 4934
140 430 220 488 ras·
356 462 359 469 ·
431 419 698 486 surmont
724 421 863 483 onrvs

136 613 198 683 ,et
222 595 402 666 intereos
429 591 573 665 abiecto
599 592 748 664 cuidam
772 617 814 665 ac
839 588 975 663 latroni
1001 587 1159 659 Alexan-

136 722 228 807 ,dro
256 724 490 796 serviturum.
533 719 678 815 Quippe
699 720 769 789 ista
783 713 1160 817 magnificentiam·

135 850 304 933 „minum
338 846 405 917 ubi
429 844 550 916 semel
582 845 745 939 cuipiam
765 843 827 914 “sit
856 853 1045 937 persuasa,
1079 860 1160 908 cor·

136 998 247 1068 ,pora
278 971 516 1043 membratim
548 972 610 1040 vel
640 971 791 1063 spiritus
822 968 1018 1067 eriguntur
1033 960 1079 1010 θ’)
1104 961 1159 1029 in·

130 1097 410 1211 ¹„prudentium
452 1100 591 1192 Magno
616 1094 746 1166 dolore
770 1092 841 1163 tibi
857 1090 940 1163 fore
964 1088 1036 1159 ista
1064 1110 1157 1182 quae

134 1223 447 1319 ,pronuntiantur
464 1221 654 1318 intelligo,
682 1243 723 1289 ao
747 1218 781 1289 si
792 1241 957 1313 superna
976 1213 1153 1285 caelitum

133 1348 212 1432 „vis
247 1347 436 1424 [adversus
453 1345 511 1431 (⁰1
544 1344 759 1415 abusionem
796 1339 1012 1414 huiusmodi
1036 1338 1077 1409 in
1103 1336 1155 1407 ul·

133 1474 299 1557 „tionem
319 1471 562 1543 contumeliae
584 1495 668 1542 suae
688 1467 797 1539 facile
811 1482 1019 1565 consurgat.
1046 1462 1155 1559 Equi·

132 1595 245 1682 „dem
264 1621 369 1691 spero
388 1597 513 1692 priora
533 1622 609 1667 esse
626 1618 719 1689 quae
743 1592 907 1689 spondeo
923 1614 1040 1687 quam
1063 1613 1153 1685 quae

131 1738 198 1806 ,tu
223 1721 385 1793 minaris.
429 1726 550 1818 Quare
573 1721 681 1791 adero
706 1737 748 1790 ut
765 1718 933 1791 mortalis
952 1717 1152 1789 mortalem

130 1848 377 1932 ,violentiam
403 1863 637 1938 experturus:
662 1844 990 1938 inclinationisque
1015 1842 1097 1915 eius
1112 1865 1150 1912 aa

130 1989 316 2066 ,potestas
343 1988 397 2040 est
424 1994 534 2063 penes
560 1975 726 2064 Superos.

205 2101 349 2164 XLVH.
375 2101 495 2174 „Nam
521 2094 616 2164 illud
639 2120 771 2189 quaeso
795 2113 843 2176 te,
872 2120 1054 2189 quorsum
1072 2112 1145 2167 tane

128 2237 280 2312 ,topere
302 2235 515 2314 congestum
529 2236 593 2300 est,
622 2222 699 2288 auri
728 2238 765 2291 te
788 2237 826 2290 et
848 2220 992 2320 argenti
1018 2218 1146 2316 opibus

128 2337 345 2426 „aestuare2
363 2349 438 2412 Aut
463 2361 505 2412 ut
530 2345 587 2413 his
614 2346 786 2442 cognitis,
820 2344 992 2418 simodo
1021 2370 1146 2419 eorum

127 2456 373 2551 ,amornobis'
386 2486 449 2550 est,
466 2468 690 2562 spepraedae
701 2469 920 2542 obstinatius
928 2488 966 2542 et
975 2470 1145 2544 audacius

125 2638 142 2678 ,‚
152 2591 436 2663 dimicaremus?
462 2610 572 2687 atque
597 2593 685 2664 hinc
719 2593 784 2665 fiat
817 2612 861 2667 ut
891 2614 1143 2691 superamur,

125 2718 237 2803 „hinc
254 2716 406 2811 quidem
414 2719 522 2793 nobis
539 2721 578 2789 in
596 2746 791 2792 commune
806 2738 978 2816 quaestus
994 2741 1034 2793 et
1046 2748 1144 2797 erno·

124 2843 360 2925 „Iumentum
387 2845 565 2916 victoriae
591 2844 682 2917 fiat?
716 2847 814 2916 Mihi
838 2873 927 2920 vero
954 2849 1059 2921 istud
1074 2874 1142 2947 quo

124 2985 229 3050 „tute
254 2970 411 3065 gloriare
436 2971 604 3043 Persidos
640 2990 790 3043 cunctae
822 2972 996 3068 orbisque
1030 2976 1144 3047 tofina

123 3093 292 3177 „accedet
316 3096 529 3190 imperium.
567 3097 630 3168 Sin
655 3095 726 3165 tibi
751 3096 864 3174 [fors]
895 3097 1055 3184 faverit,
1092 3102 1142 3173 ni·

115 3366 119 3376 Ι
148 3308 188 3357 (a)
205 3305 269 3350 God.
285 3306 398 3368 erigunt.

450 3403 1142 3433 ...Ἣ

118 3492 151 3531 nt
166 3482 398 3549 symmachianum
411 3501 505 3536 vocem
523 3483 656 3539 homullus
673 3490 803 3560 exemplis
822 3491 980 3559 confirmet,
1000 3495 1061 3547 ait:
1084 3494 1137 3549 Aa·
1167 3560 1171 3569 Ι

87 3588 91 3597 ·
117 3583 200 3633 sopus
219 3571 410 3640 nrauurcriptus
435 3569 551 3621 ineditus
573 3572 602 3621 in
619 3575 677 3626 vita
692 3574 851 3628 Alexandri
874 3579 969 3649 magni
990 3580 1076 3633 ‚Sub
1096 3583 1136 3633 di·

49 3651 56 3666 ⁸
117 3651 213 3701 »tione
229 3653 478 3726 contemptibilium,
501 3668 531 3708 ut
546 3670 629 3722 retur,
652 3659 830 3714 bomullorum
845 3663 1049 3723 deventurum.
1072 3668 1134 3720 Erat

3 3782 6 3787 .
117 3745 209 3786 nutem
230 3755 245 3788 a
263 3741 353 3792 Iureto
370 3740 492 3794 citandus
514 3760 569 3794 non
581 3744 701 3815 Aesopus
721 3746 767 3800 sed
787 3751 820 3800 ·1·
835 3748 978 3814 Valerius,
1000 3753 1132 3823 qnoniam

118 3832 176 3870 non
193 3822 280 3890 graeei
296 3827 456 3898 exemplaris
471 3826 519 3877 sed
537 3824 638 3879 latinae
653 3830 880 3902 interpretationis
895 3834 978 3888 verba
994 3836 1131 3893 laudabat.

79 3920 83 3931 ·
134 3988 141 4001 ·
162 3897 210 3979 (1)
234 3909 317 3960 Unais
335 3910 444 3965 includo
460 3930 537 3965 vaces
555 3930 623 3985 quae
643 3916 713 3969 mihi
731 3917 869 3972 interdum
884 3919 1026 3975 addendae
1044 3922 1129 3981 textui

113 4003 188 4042 visae
211 4004 282 4047 sunt.
