2776 4934
551 390 863 459 serentum
1151 391 1213 479 etz

146 582 155 636 i
201 564 425 655 nquammque
444 569 685 635 trorumisimus
711 578 926 643 conuectatae
954 568 1045 635 nuto
1073 572 1215 633 omnium

146 688 153 747 l
204 681 317 744 »Indo
332 676 373 728 (θ)
394 681 608 745 Persarum
625 648 819 754 dubitante,
840 678 920 764 quin
933 678 1043 742 omnia
1061 678 1156 743 uobis
1170 680 1214 742 ad

147 802 151 845 ι
201 790 469 872 »subiugandum
480 782 610 879 futilia
623 783 752 880 forent
778 798 972 875 quocumque
999 791 1140 853 animm
1165 791 1213 853 in·

201 900 455 968 »tendissemus
506 904 555 965 Ae
571 891 608 951 ⁰)
636 915 746 966 cetera
779 904 913 967 nomina
938 901 1122 980 pretiorum
1141 904 1212 974 [et]

200 1009 428 1092 »opunnttan
444 1009 583 1077 ulterius
601 1015 667 1077 non
682 1000 909 1098 requirendam
934 1011 1216 1085 [existimavimus]

198 1120 365 1185 »uixdum
393 1120 555 1202 gravibus
579 1123 845 1188 subvectionibus
878 1121 1097 1193 consulentes,
1145 1141 1216 1181 cum

198 1243 324 1294 »tanta
343 1232 379 1293 in
396 1230 549 1316 hisquae
566 1233 748 1322 subiugata
771 1238 844 1298 sint
861 1233 933 1296 loca
953 1232 1049 1311 copia
1076 1230 1130 1293 vel
1155 1218 1215 1315 of·

200 1336 370 1431 »fluentia
387 1345 624 1423 repperiretur.
670 1348 729 1410 Sic
755 1347 865 1428 igitur
877 1344 988 1407 animo
1011 1340 1215 1402 bonaiacum

198 1451 313 1517 >mitit
329 1454 397 1517 iam
407 1443 512 1541 soret
526 1456 700 1539 quod-non
713 1449 868 1544 fortuna
883 1474 924 1517 ex
952 1448 1040 1514 bisce
1059 1461 1216 1533 appeten·

196 1586 214 1621 n
222 1566 281 1625 tiis
292 1565 505 1644 explevisset,
513 1566 738 1629 omnedemum
747 1564 952 1629 intenderam
963 1561 1163 1625 desiderium
1175 1571 1214 1620 nt
1302 1604 1307 1611 .
1361 1557 1365 1569 '

194 1674 334 1759 »siquid
342 1685 427 1737 esset
433 1674 744 1756 quodinoisitatum
758 1672 798 1724 (θ)
807 1667 999 1765 aliisforet,
1008 1671 1212 1755 atqueandi·

195 1794 262 1848 »tu
270 1780 597 1847 mirabilelsaberetur
611 1777 1210 1865 0¹),ttscneresciseremvtteremque.
1240 1775 1386 1832 Paratum

258 1886 446 1955 xxxvm.
476 1895 588 1958 »mom
612 1896 747 1981 quidam
771 1891 832 1943 “l
826 1895 899 1956 uiri
923 1915 964 1957 ex
989 1893 1128 1974 oppidis
1151 1891 1213 1952 cir·
1224 1861 1277 1917 ⁸⁰²²
1296 1877 1323 1916 ⁶²
1342 1861 1385 1915 ¹¹⁴·

193 1999 493 2068 neurnsistentibus
508 2023 576 2068 esse
591 2008 727 2086 digeram
749 2006 886 2086 cognitu
915 2016 951 2067 et
971 2003 1115 2065 scientia
1138 1967 1275 2064 con-m
1291 1967 1375 2003 Μ

194 2137 213 2173 n
221 2113 418 2187 tendebant,
439 2115 474 2177 si
488 2115 584 2178 modo
605 2117 722 2179 mirum
747 2115 874 2179 homini
895 2111 1004 2176 uideri
1027 2123 1139 2191 posset
1163 2110 1214 2171 oi·

191 2246 212 2283 n
221 2235 313 2286 reeta
327 2241 459 2286 noscere
468 2234 502 2286 et
510 2224 645 2289 arbusta
661 2225 811 2309 loquacia
826 2222 874 2286 ad
886 2222 1059 2284 humanum
1074 2220 1210 2282 modum.

192 2356 212 2392 n
222 2333 269 2396 Id
284 2334 427 2413 primum
450 2345 490 2395 ut
506 2332 702 2414 inpossibile
716 2333 1013 2417 alienissimumque
1026 2343 1148 2392 natura
1160 2352 1211 2392 ar·

192 2443 368 2503 »bitratus
384 2460 484 2519 neque
501 2443 703 2503 credideram
722 2433 897 2524 referenti.
941 2424 1011 2503 S'ed
1034 2441 1212 2517 persisten-

190 2574 210 2612 n
220 2546 312 2611 tibus
330 2547 642 2632 adserentibusque‚
672 2547 828 2611 adsensus
849 2553 958 2620 [sum]
989 2547 1122 2608 tandem
1151 2549 1211 2609 iti·

193 2659 297 2721 »neri
317 2652 357 2710 (δ’)
381 2658 451 2720 eius
464 2669 590 2731 terrae,
619 2676 717 2742 quam
741 2657 793 2720 sol
817 2657 927 2720 oriens
950 2659 1115 2719 visitaret·
1158 2658 1211 2718 Eo

190 2789 301 2850 »ergo
320 2789 391 2829 aum
412 2767 624 2843 venissemus5
647 2767 750 2830 ducor
766 2767 802 2828 in
819 2767 980 2849 quendam
996 2767 1097 2828 locum
1116 2767 1211 2830 arbo·

191 2878 313 2942 nribus
336 2879 497 2941 consitum
506 2879 650 2943 amoenis
669 2873 721 2944 (ὅ).
744 2852 843 2942 Hunc
856 2877 911 2938 illi
917 2879 1107 2959 paradisum
1125 2882 1211 2943 ooei·
1257 2918 1260 2923 -

192 3002 343 3053 »tacere
375 2990 545 3052 Enimvero
564 3002 752 3070 conseptum
765 2990 884 3053 viseres
898 3008 963 3052 non
980 2990 1137 3051 materiae
1147 2989 1212 3050 cir·

152 3066 192 3131 *b

190 3124 210 3155 n
220 3099 379 3163 cumiettu
396 3118 503 3163 oerum
515 3096 667 3162 arborum
676 3089 881 3186 frequentia
890 3100 1208 3164 circumsistentium.

190 3232 211 3270 n
222 3211 305 3273 Eum
321 3196 362 3256 θ’)
382 3230 510 3272 sacrum
532 3208 599 3273 soli
611 3209 772 3291 lunaeque
789 3230 854 3274 esse
871 3209 1032 3274 dicebant.
1076 3212 1164 3271 Nam
1176 3222 1211 3271 et

195 3319 319 3382 »cedes
337 3318 522 3405 templaque
539 3340 635 3401 opere
650 3320 799 3384 naturali
814 3321 900 3383 bisce
916 3322 1001 3383 Diis
1024 3319 1144 3382 ibidem
1160 3321 1210 3381 in·

197 3428 383 3521 »trinsecus
401 3431 540 3512 viseres,
561 3430 645 3493 duas
655 3452 732 3495 vero
746 3429 880 3492 arbores
889 3430 1009 3495 caelum
1012 3422 1128 3517 ferme
1134 3450 1210 3512 pro·

198 3539 408 3602 »acritudine
432 3540 646 3623 interiectas,
682 3543 785 3606 simili
803 3532 905 3627 facie
932 3563 998 3627 qua
1021 3559 1209 3621 escuressus,

193 3734 1210 3765 w*

231 3863 271 3916 (a)
294 3867 333 3910 lte
353 3864 411 3912 eod.
432 3865 507 3914 Indo.
533 3862 570 3922 (b)
600 3867 664 3920 cod.
681 3869 729 3915 ad·
758 3870 792 3921 (e)
810 3867 871 3914 cod.
898 3868 1048 3917 inusitatum
1085 3868 1125 3923 (d)
1143 3867 1207 3916 cod.

195 3934 309 3984 haberet.
337 3941 372 3995 (e)
388 3945 424 3986 lte
442 3943 499 3989 cod.
518 3943 569 3987 niel
580 3944 659 3989 mavis
670 3943 806 4007 quiddam.
834 3943 877 3999 (J)
897 3945 958 3992 cod.
972 3946 1068 3991 itinere.
1088 3951 1128 4007 (g)
1144 3943 1208 3990 (iod.

193 4024 218 4057 et
236 4028 358 4060 amoenus.
387 4015 429 4068 (le)
445 4016 508 4061 Cod·
529 4031 624 4063 eorum·
805 4038 812 4067 e
