2776 4934
484 424 486 429 ,
543 343 864 432 saturnum*
949 320 952 325 ’
1126 374 1182 430 151

170 541 346 626 ,sterium
369 539 642 638 procurabitur,
686 538 774 634 quid
804 539 940 611 virium
965 541 1015 612 sit
1039 540 1077 609 in
1105 542 1186 629 Ma·

167 667 375 751 ,cedonum
401 667 556 739 dexteris
581 691 622 738 ac
640 663 894 737 'fortitudine-
927 668 1060 762 Neque
1086 665 1185 736 enim

168 817 259 877 „vos
284 790 428 863 iuvabit
453 793 568 864 oracli
592 791 694 866 illius
719 792 882 870 iactatio.
927 791 1186 892 Transgrediar

168 918 294 999 „enim
322 916 503 1013 oppidum
519 934 683 989 vestrum
709 916 771 1006 sed
791 916 955 989 dirutum
980 934 1091 1012 atque
1115 892 1209 987 dis?

167 1041 340 1124 „iectum
391 1044 519 1115 Valete
549 1043 581 1114 si
605 1043 751 1139 sapitis:
787 1046 991 1116 nonenim
1016 1043 1184 1116 valebitis

168 1168 222 1250 ,si
246 1168 482 1262 perseveratis
493 1182 518 1238 t.
615 1234 618 1239 ,
717 1232 724 1251 ,
776 1228 780 1236 .
1285 1248 1288 1253 .

243 1297 336 1364 XLI.
370 1286 438 1364 His
471 1293 606 1366 litteris
637 1294 738 1367 lectis
773 1296 861 1389 tyrii
887 1294 1064 1390 primates
1089 1297 1183 1394 lega·
1245 1313 1336 1380 Tyrus

168 1434 226 1488 tos
252 1419 421 1514 protinus
447 1420 583 1515 corripi
609 1417 757 1504 iubent,
784 1413 913 1517 eisque
925 1422 1090 1492 multatis
1104 1447 1184 1515 per-
1195 1397 1307 1468 eapitur.

164 1560 257 1641 gunt
298 1545 445 1643 exigere
475 1547 691 1649 tormentis„
740 1548 908 1642 quisnam
944 1549 1072 1618 eorum
1106 1545 1193 1640 ipse'
1286 1518 1291 1522 ι

166 1668 373 1738 Alexander
397 1668 505 1749 foret,
556 1670 698 1743 Sed‘de
722 1673 810 1762 boc,
844 1692 966 1749 utres
992 1690 1087 1755 erat,
1123 1696 1184 1742 ne·

167 1795 324 1890 gitantes
352 1795 521 1868 crucibus
547 1794 714 1875 adfixere.
758 1797 826 1867 His
852 1797 965 1896 igitur
989 1798 1216 1902 incentivis

166 1919 405 1992 extimulatur
423 1921 627 1992 Alexander
647 1921 893 2016 irruptionem
913 1924 1042 2019 oppidi
1067 1925 1183 1995 acrius

154 2040 344 2142 agitabat,
377 2064 413 2117 et
448 2072 570 2119 rursus
602 2049 642 2116 in
677 2047 822 2118 somnio
850 2032 1073 2125 Saturum<¹)
1097 2072 1183 2122 con·
1259 2093 1262 2097 -

162 2169 325 2266 spicatur
341 2197 457 2243 assem
473 2171 546 2243 sibi
564 2158 704 2266 Tyrirm
720 2170 758 2221 (ὓ
783 2173 1052 2271 porrigentem,
1083 2194 1182 2244 eum-

165 2319 237 2391 que
261 2299 468 2393 proieotum
499 2323 577 2369 sese
607 2296 764 2393 pedibus
782 2297 1020 2395 protrivisse.
1073 2299 1182 2394 Quod

163 2423 423 2519 interpretibus
463 2421 562 2493 haud
601 2419 754 2492 difficile
786 2421 826 2489 in
865 2422 1057 2494 enodando
1097 2423 1180 2494 fuit.

162 2551 310 2639 Tyrum
337 2550 438 2620 enim
462 2545 604 2640 proteri
636 2569 725 2616 mox
750 2542 905 2637 pedibus
931 2529 1056 2616 haberi
1082 2547 1181 2640 prin·

164 2674 257 2767 cipis
292 2671 522 2769 respondere.
573 2675 629 2739 Ex
663 2692 737 2763 quo
770 2665 847 2739 sive
877 2664 1085 2741 admonitu
1104 2670 1193 2740 siuex

163 2796 307 2891 impetu
333 2823 398 2869 suo
433 2794 617 2893 adgressus
643 2792 823 2888 oppidum
848 2795 1098 2867 vehementius
1125 2821 1180 2866 ca·

163 2923 221 3018 pit
245 2922 383 3018 pariter
408 2945 450 2992 ac
475 2936 608 3003 vastat,
641 2919 835 2992 indiscrete
847 2919 887 2971 (a)
913 2921 999 2997 satis
1024 2920 1181 2993 sexubus

194 3208 316 3279 (a)·God.
335 3206 486 3254 indiscreta.

207 3436 251 3507 (t)
275 3440 380 3507 Nempe
402 3437 536 3510 Satyrum
551 3436 592 3487 uti
616 3447 655 3488 est
677 3437 750 3507 apud
769 3440 903 3511 Zoparam
924 3446 953 3487 et
972 3432 1124 3488 Cedrenum
1146 3428 1181 3481 ad

166 3524 236 3574 huno
256 3522 385 3574 historiae
410 3522 510 3575 locum.

211 3605 255 3676 (2)
276 3607 394 3660 Videtur
408 3606 579 3661 scribendum
598 3623 692 3677 graece
706 3611 795 3682 τυροῦ.
826 3607 878 3659 Est
895 3603 968 3656 enim
984 3603 1058 3655 lusus
1077 3603 1106 3654 in
1118 3618 1180 3653 ver·

168 3692 219 3754 bo,
241 3692 312 3761 quod
324 3703 399 3762 patet
413 3712 447 3747 ex
463 3711 557 3764 graeco
574 3691 666 3744 codiee
685 3693 770 3746 ambr.
786 3691 813 3744 in
834 3709 887 3762 quo
905 3688 1032 3741 scribitur
1050 3685 1126 3763 rapis
1147 3690 1177 3742 ἐκ

164 3774 306 3850 γάλακτος.
348 3776 437 3848 Igitur
457 3795 543 3831 assem
568 3782 643 3853 τυροῦ
669 3776 803 3845 intelligas
827 3775 898 3828 casei
925 3772 1016 3827 orbem
1042 3787 1088 3825 out
1113 3791 1178 3845 seg·

167 3874 292 3914 mentum.
328 3862 417 3915 Aliter
430 3863 478 3914 sed
497 3882 553 3915 non
574 3861 713 3914 venustius
732 3861 829 3913 ludunt
852 3858 987 3914 cedrenus
1011 3872 1038 3911 et
1058 3864 1177 3911 Zonaras

165 3947 237 4019 apud
255 3963 322 4020 quos
342 3947 433 4015 Satyri
448 3946 536 4003 visuu't
556 3947 689 4020 signifieat
707 3947 863 4000 Alexandro
879 3940 920 4003 σὰ·
932 3943 1014 4021 Τύρος
1032 3947 1113 4002 ἕσται.

917 4072 931 4116 t

488 4150 539 4207 ·.bx
