2776 4934
272 350 276 358 ’
319 388 377 446 ns
607 381 875 445 ALEXANDRI
897 338 1034 445 onrvs

268 568 274 577 ’
318 554 456 652 agratio
496 573 533 624 et
575 579 731 649 operum
771 548 1009 625 difficultates‘
1050 560 1123 624 tete
1157 569 1334 635 manent,

319 679 418 775 quod
442 681 500 748 illi
527 706 672 775 quoqne
700 682 845 775 Orpheo
866 680 954 761 fuit,
985 679 1048 774 qni
1065 703 1260 776 peragrans
1279 704 1338 747 ur·

259 802 262 807 ’
320 804 382 876 bes
409 829 551 904 graecas
578 824 615 875 et
648 803 816 877 barbaras
843 806 887 876 ad
913 804 1078 876 favorem
1103 805 1161 874 sui
1186 802 1337 874 animos

320 932 581 1023 admirantium
606 929 756 1001 flexerit.
1201 938 1205 943 '

167 1070 309 1208 dAlexan-
349 1034 357 1051 ⁸
394 1063 521 1128 LVIII.
552 1058 662 1127 Hisce
686 1054 820 1125 auditis
836 1053 1037 1126 Alexander
1061 1052 1206 1126 honore
1225 1046 1339 1148 quam

187 1175 215 1207 er
234 1169 309 1211 vemt

165 1242 256 1297 Ilium.
320 1186 422 1281 largo
438 1180 716 1275 Melampodam
728 1162 960 1262 muneratur,
979 1181 1146 1275 eximque
1161 1179 1204 1249 in
1222 1182 1338 1272 Phry-

319 1310 420 1407 giam
462 1309 582 1389 venit,
619 1324 729 1401 atque
770 1307 849 1375 illic
884 1311 1044 1376 Hectora
1076 1307 1337 1401 Achillemqne

321 1458 465 1528 unaque
501 1433 592 1503 alios
623 1432 753 1502 heroas
777 1433 917 1502 Divum
956 1434 1099 1503 honore
1129 1434 1335 1529 participat

321 1563 518 1655 Praecipue
544 1578 667 1630 tannen
706 1558 870 1627 Achillen
903 1576 1121 1628 muneratur
1150 1582 1197 1633 ac.
1235 1578 1337 1660 rogat

320 1688 377 1756 nti
402 1685 473 1786 sibi
500 1705 537 1756 et
563 1688 644 1786 ipse
677 1683 818 1763 faveat,
853 1701 889 1753 et
922 1683 1035 1765 dona,
1069 1708 1162 1777 quae
1202 1684 1337 1781 ferret„

322 1813 514 1911 dignanter
539 1812 722 1882 admittat.
762 1817 861 1880 Haec
888 1811 987 1879 enim
1020 1832 1040 1880 a
1075 1835 1151 1881 sese
1184 1837 1267 1886 non
1300 1832 1337 1884 nt

322 1938 367 2008 ab
396 1921 545 2010 externo
580 1965 621 2008 ac
654 1938 922 2033 superstitioso,
954 1960 1084 2006 verunt
1113 1955 1156 2008 ut
1189 1964 1337 2013 consen.

322 2066 456 2161 guineo
484 2089 525 2134 ac
550 2066 723 2162 religioso
751 2063 928 2133 dedicari:

209 2191 311 2242 V⁰r⁵u⁸
408 2220 479 2273 Hinc
499 2221 602 2290 primns
625 2232 699 2272 extat
720 2219 823 2303 Aeaeus
843 2211 881 2260 (a)
906 2219 978 2270 Iovis
999 2219 1088 2288 proles
1100 2212 1167 2301 ξι),

170 2277 312 2412 ἳέξχᾶἑθ
407 2330 499 2401 Atque
520 2329 584 2380 inde
606 2331 702 2383 Peleus
723 2327 838 2381 Phthiae
858 2346 939 2397 regna
962 2329 1098 2398 possedit,

171 2464 222 2499 nus
238 2445 311 2496 eius·
408 2441 470 2507 Quo
493 2452 523 2492 tu
544 2441 668 2503 subortus
689 2439 783 2491 inolita
805 2439 872 2490 cluis
896 2439 993 2508 proles.

174 2533 234 2583 deut
253 2549 313 2582 ma-

331 2584 1342 2613 mom—W

169 2631 284 2669 ternum·
353 2664 392 2714 (a)
411 2664 472 2706 Cod.
494 2661 604 2708 Itachus.

371 2847 415 2924 (t)
439 2851 533 2921 Magni
548 2852 669 2903 facienda
685 2864 747 2903 sunt
762 2852 827 2904 haec
846 2855 878 2904 ·1·
896 2853 1000 2907 Valerii
1011 2855 1145 2919 carmina,
1168 2857 1272 2928 quibus
1287 2876 1342 2911 mt-

327 2938 398 2992 iores
407 2937 558 2988 Alexandri
573 2937 688 2988 materni
706 2951 877 2993 recensentur
890 2938 944 2991 iem
958 2933 1022 2991 inde
1036 2940 1068 2991 ab
1081 2942 1172 2994 Aeaco
1184 2944 1264 2996 Iovis
1279 2944 1342 2996 lilio.

253 3088 256 3093 Ι
328 3025 386 3077 Hos
405 3023 531 3093 quidem,
561 3022 641 3073 ducto
658 3021 738 3073 initio
756 3024 889 3090 aPyrrho
907 3025 1021 3077 Achillis
1042 3024 1116 3090 filio,
1137 3029 1187 3098 qui
1202 3030 1343 3083 molossici

330 3109 406 3177 regni
429 3108 604 3160 fundamenta
619 3107 699 3171 iecit,
721 3108 841 3160 studiose
861 3110 935 3161 nisus
947 3101 1011 3163 'erat
1030 3111 1159 3182 colligere
1178 3116 1343 3170 Reineccius

332 3192 346 3262 (
355 3192 535 3247 Monarchine
552 3192 582 3242 in
599 3193 734 3244 molossici
752 3194 828 3263 regni
844 3195 1023 3265 descriptione
1038 3216 1065 3267 p.
1081 3200 1270 3270 544-550).
1292 3204 1362 3256 Fet-¹

325 3280 445 3331 tendum
469 3291 558 3329 tamen
573 3279 716 3330 Reineccio
741 3280 795 3331 fuit
819 3278 868 3352 (p.
885 3281 963 3350 548.)
985 3294 1046 3353 post
1064 3283 1172 3337 Pielutn
1191 3286 1344 3341 desiderari

331 3383 429 3418 norem
443 3382 538 3434 regum
554 3363 752 3415 succedentium
768 3367 879 3417 nomina
888 3404 897 3430 ,
919 3386 987 3437 quae
1002 3386 1074 3420 nuno
1088 3369 1199 3424 demum
1214 3373 1345 3427 videntur

333 3451 490 3520 longissimo
507 3449 673 3518 postliminio
691 3455 801 3503 cum.·I·
816 3451 920 3504 Valerii
935 3453 1053 3506 versibus
1076 3453 1105 3504 in
1122 3456 1215 3513 lucem
1234 3460 1343 3513 reverti.

334 3537 422 3588 Immo
444 3553 478 3587 ne
502 3554 594 3586 eorum
614 3536 724 3606 quidem
747 3554 841 3607 regum
864 3555 932 3608 quos
955 3552 1016 3590 ante
1034 3540 1194 3610 Tharypum
1227 3546 1344 3597 collocet

334 3620 491 3674 Reineeeius
507 3622 614 3673 nomina
631 3640 665 3673 ex
681 3623 819 3675 Antonino
836 3622 952 3675 Liberali
978 3619 1189 3695 (Metamorph.
1205 3649 1269 3701 cap.
1285 3626 1340 3704 14.)

334 3716 362 3756 et
377 3706 511 3775 Stephano
527 3706 673 3775 byzantino
694 3708 765 3774 (voc.
789 3710 955 3775 Ἀφείδαντες
970 3724 995 3760 et
1011 3712 1141 3781 l'tvonin)
1161 3730 1255 3783 eruta,
1282 3735 1340 3769 enm

333 3790 375 3841 his
390 3790 540 3844 Valerianis
566 3791 745 3846 consentiunt.
785 3795 821 3845 Et
847 3795 966 3847 lustinus
991 3797 1100 3866 quidem
1117 3813 1201 3851 xvn.
1223 3810 1249 3853 ὃ.
1276 3803 1341 3855 mire

332 3875 427 3927 reticet
451 3874 481 3927 in
501 3877 561 3929 loeo
582 3896 629 3929 suo
651 3879 793 3947 plerosque
815 3875 907 3932 omnei
925 3882 1003 3949 Epiri
1021 3900 1117 3950 reges:
1147 3884 1340 3941 Molossorum

331 3963 447 4031 primum
461 3961 488 4011 in
504 3979 536 4013 ea
555 3964 661 4033 regions
677 3982 787 4034 regnum
798 3962 870 4032 sitit·
905 3964 972 4019 Post
988 3965 1113 4038 Pyrrhus
1129 3968 1255 4031 Achillis
1263 3972 1341 4048 filins
