2812 4920
257 449 320 515 234
540 440 808 529 sumnum
828 442 981 505 orrrvs
1001 510 1041 585 r
1138 422 1144 429 '

190 652 195 663 ·
256 617 430 714 videtque
467 617 638 688 homines
670 617 812 710 reliqua
854 610 990 697 nudos,
1024 590 1099 685 ¹sed
1133 610 1270 689 amictu

174 770 177 781 ·
255 742 417 838 simplici
441 744 680 837 superiectos,
708 740 1008 836 deversantesque
1031 739 1092 811 bis
1120 736 1269 847 aedibus

256 895 321 940 seu
330 865 373 917 Ψ)
397 867 581 963 speluncis
607 892 761 962 quarum
788 868 917 940 relatio
930 890 1039 963 supra
1053 881 1124 936 est.
1132 871 1268 935 Eorum

244 992 327 1064 ''filii
369 994 611 1094 coniugesque
652 988 839 1088 pascendis
874 990 1079 1088 pecudibus
1120 1014 1267 1085 occupa·
1293 968 1305 1075 ‚⁵¹

256 1117 399 1199 bantur.

123 1238 244 1339 Aleian-
330 1212 460 1320 xvtll.
484 1254 580 1342 Ergo
604 1243 769 1315 instituit
793 1243 948 1315 Macedo
974 1268 1062 1313 cum
1077 1242 1266 1316 hisoehao

83 1369 243 1442 flfitffliffl
257 1393 361 1445 tenus
370 1374 477 1469 loqui
492 1373 548 1455 (¹),
566 1396 607 1442 ac
619 1372 783 1466 primum
805 1394 850 1439 an
864 1369 1008 1464 uspiam
1026 1366 1147 1440 huius
1158 1369 1265 1467 gentis

84 1456 244 1613 ffiffi
255 1498 467 1571 hominibus
492 1497 566 1568 sint
591 1493 809 1592 sepulchra?
847 1495 903 1569 Ad
934 1497 1023 1565 haec
1052 1518 1267 1590 responsum

84 1640 132 1679 ¹³⁵·
258 1602 331 1711 est}
355 1623 456 1697 idem
481 1621 552 1693 sibi
565 1620 798 1693 domicilium
814 1647 888 1692 esse
905 1618 1005 1716 quod
1020 1621 1265 1715 sepulchrum,

257 1776 376 1846 eoque
401 1745 615 1824 consuefieri
640 1747 696 1818 his
710 1746 939 1820 diversoriis:
962 1746 1027 1818 sed
1042 1740 1082 1797 (ὅ)
1109 1745 1203 1818 dum
1218 1771 1268 1819 co·

256 1877 348 1947 tidie
374 1875 583 1960 dormiunt,
608 1873 775 1946 desinant
796 1871 995 1970 aliquando
1018 1871 1199 1970 vigilare:
1216 1896 1266 1944 ex·

257 2027 327 2097 que
352 2026 396 2071 eo
421 2000 494 2072 sibi
518 2026 594 2074 esse
628 2027 741 2075 unam
773 2000 927 2073 domum
956 1997 1102 2068 viventi
1137 1998 1267 2093 pariter
1302 2042 1305 2065 1

255 2143 293 2195 et
317 2144 478 2195 mortuo.
511 2132 647 2197 Rursus
679 2126 823 2221 quaerit
854 2151 899 2197 ex
933 2125 1025 2206 alio,
1062 2142 1191 2194 utrum
1222 2148 1265 2193 ne
1298 2086 1305 2151 ¹

253 2249 377 2340 plures
404 2249 480 2318 vivi
497 2248 531 2297 ‘⁶²
555 2273 601 2317 an
627 2251 768 2319 mortui
791 2247 1045 2349 putarentur?
1079 2247 1134 2321 Ad
1157 2247 1262 2343 idque
1300 2214 1305 2271 ¹

254 2398 469 2468 responsum
493 2393 565 2458 est,
589 2374 709 2447 videri
723 2375 873 2472 quidem
887 2375 1076 2471 plurimos
1085 2392 1259 2447 mortuos:
1299 2342 1305 2437 Ι;

254 2498 318 2569 sed
350 2514 463 2595 aeque
475 2496 518 2550 (θ’)
543 2501 730 2573 numerari
763 2527 839 2573 non
872 2508 1046 2605 oportere
1080 2527 1145 2575 eos
1179 2526 1262 2597 quos
1289 2444 1305 2657 1

255 2623 395 2709 videas,
424 2650 535 2719 quam
560 2628 645 2699 illos
670 2628 811 2699 scilicet
837 2653 927 2722 quos
942 2652 1065 2722 neque
1084 2627 1188 2700 oculi
1201 2626 1261 2698 ulli
1303 2678 1305 2687 .

254 2777 374 2846 neque
399 2755 493 2825 ratio
526 2754 762 2850 conspiceret.
800 2759 887 2825 Post
920 2754 1064 2848 quaerit
1096 2781 1148 2829 ex
1178 2754 1260 2838 alio,
1296 2690 1305 2817 l

254 2895 378 2947 utrum
404 2905 450 2948 ne
474 2878 548 2949 vita
574 2866 726 2963 fortior,
753 2905 799 2950 an
824 2905 911 2952 vero
932 2879 980 2950 sit
994 2879 1128 2961 amns?
1145 2884 1262 2954 Orien·

254 3004 301 3073 tis
327 3007 450 3102 vigor,
483 3006 707 3078 marcentior
736 3030 824 3077 vero
859 3005 1037 3077 viseretur
1070 3008 1261 3080 occiduus:

254 3151 451 3224 ortumque
476 3131 638 3201 hominis
664 3158 738 3202 esse
772 3157 845 3226 quo
878 3133 1018 3203 vivitur
1048 3134 1170 3205 vitam
1195 3160 1263 3206 esse

253 3281 467 3353 responsum
505 3274 577 3340 est,
619 3256 720 3351 quod
759 3259 846 3330 solis
882 3284 1027 3353 quoque
1061 3238 1263 3332 ¹ferventior

252 3402 447 3480 contraque
483 3409 554 3479 quo
589 3381 784 3483 frigent).
826 3391 874 3453 Et
907 3382 947 3452 id
979 3383 1103 3468 addit,
1139 3404 1263 3458 utrum

250 3482 1305 3539 ..-...-...--...-----.-......—..¹

286 3565 325 3613 (a)
343 3564 404 3608 cod.
422 3575 496 3607 secus.
522 3559 557 3615 (d)
574 3566 612 3608 Ita
626 3562 685 3608 cod.
698 3561 751 3609 sed·
785 3564 820 3613 (c)
838 3562 901 3606 cod.
917 3564 1036 3609 viverent.
1073 3564 1119 3616 (d)
1136 3568 1204 3613 cod.
1222 3578 1265 3626 pro

252 3650 332 3697 aequa
347 3639 426 3684 habet
441 3652 489 3683 eos.
516 3639 550 3687 (e)
568 3641 606 3684 lta
620 3646 693 3684 totus
709 3639 754 3683 hic
771 3639 847 3682 locus
866 3652 892 3682 ιο
907 3639 983 3685 habet
998 3640 1026 3684 in
1043 3640 1148 3688 codice·

199 3781 203 3789 '
296 3772 341 3851 (1)
365 3780 446 3846 Quod
461 3766 564 3831 adtinet
581 3779 616 3831 ad
632 3780 781 3833 Alexandri
804 3778 969 3851 colloquium
996 3799 1060 3832 oum
1086 3783 1267 3839 Brachmani·
1300 3790 1305 3879 p

252 3862 302 3916 bus
318 3863 410 3914 confer
425 3865 599 3918 Plutarchum
620 3885 647 3936 p.
668 3872 801 3919 trs-86.
832 3865 990 3920 Strabonem
1016 3881 1069 3918 xv·
1099 3888 1130 3938 p.
1156 3878 1217 3927 714.
1242 3882 1266 3922 et

252 3964 328 4019 seqq·
344 3947 491 4005 Attianum
511 3966 567 4007 vn.
590 3960 688 4005 1-2.
710 3951 862 4009 Palladium
877 3950 911 4003 do
928 3950 1154 4008 Brachmonibus.
1178 3961 1266 4010 Zona-

251 4046 310 4089 τω
330 4048 373 4087 rv.
396 4036 438 4086 14.
