2776 4934
425 456 693 523 aurnuom
824 454 829 463 ·
1024 420 1064 528 si

49 624 282 726 dignatione,
308 627 473 700 vinceret
491 628 586 701 ratio
604 654 697 723 quae
714 628 791 703 fato
807 630 981 707 obviabat
998 633 1059 709 (¹).

49 761 100 824 Ac
126 770 239 825 nocte
257 754 373 823 Tanai
397 752 609 824 transmisso
637 772 713 825 tam
738 754 981 853 facilequam
999 784 1063 833 au.-

48 876 175 950 dacter
198 880 320 950 hostes
343 879 466 974 primo
489 874 635 950 incursu
660 879 764 980 lugat
787 879 977 978 caeditque
1000 908 1064 979 pa·
1148 947 1155 961 .

48 1002 179 1074 lantes.
224 1010 295 1074 Eos
320 1030 408 1076 vero
434 1001 734 1099 intemperantius
760 1031 975 1103 persequens
1001 1008 1065 1085 siti

50 1126 211 1197 aestivae
227 1127 441 1199 succumbit.
479 1135 609 1224 Neq'ue
629 1153 722 1224 aqua
748 1128 892 1202 utibilis
908 1151 1064 1229 reperta.

53 1250 241 1348 Quidquid
257 1252 306 1324 *de
324 1253 445 1326 lluviis
466 1272 529 1326 aut
554 1254 642 1325 rivis
653 1254 693 1304 Ψ)
719 1253 765 1325 ab
789 1257 927 1329 aestivo
948 1258 988 1327 in
1014 1236 1072 1330 la·v

53 1377 157 1447 cunis
182 1395 274 1461 erat,
288 1370 346 1449 'eo
368 1379 478 1474 proni
497 1403 539 1450 ac
564 1379 688 1478 lingua
712 1378 916 1477 lambentes
937 1383 1068 1455 hausto
1115 1398 1119 1410 '

51 1525 121 1601 ceu
143 1503 364 1587 necessario,
391 1506 529 1576 latente
554 1507 630 1576 eius
654 1525 755 1601 peste
781 1507 947 1599 corrupti
972 1522 1067 1582 sunt.
1175 1601 1177 1605 y

51 1628 211 1722 Quippe·
236 1653 277 1698 ea
301 1628 456 1721 qualitas
489 1627 572 1698 alvo
604 1630 779 1702 laxandae
808 1627 1069 1703 efficacissima.

52 1756 112 1820 Ita
139 1773 265 1821 omnes
293 1749 435 1822 viribus
460 1754 603 1823 vacuati
630 1770 730 1825 aestu
748 1749 783 1804 (l)
814 1754 988 1827 intestino
1014 1779 1072 1826 ca·

1190 1476 1202 1522 l

53 1873 167 1957 loris,
207 1892 251 1946 ut
281 1875 404 1946 minus
438 1880 612 1947 nonnulli
640 1881 745 1948 hoste
778 1905 889 1975 quom
922 1879 1016 1951 vitio
1034 1877 1099 1930 “l

53 2000 368 2096 praevenirentur.
412 2003 571 2073 Insecuti
597 2001 838 2075 nihilominus
863 2027 994 2086 eorum
1017 2004 1069 2074 le·

56 2127 133 2226 gati
156 2129 302 2197 veniam
325 2129 452 2198 erratis
474 2122 611 2223 postl‘l)
636 2126 831 2198 victoriam
853 2127 1067 2205 retulerunt.

132 2257 324 2324 LXXXVI.
366 2255 398 2324 li
434 2279 545 2349 porro
572 2254 793 2353 Macedones
819 2251 884 2345 qui
914 2252 954 2323 in
987 2276 1069 2324 arce
1099 2293 1209 2351 made,

55 2377 303 2452 Maracundae
329 2375 609 2459 obsidebantur,
626 2396 720 2449 'ante
745 2378 945 2447 adventum
971 2377 1215 2447 aurai-Macelor

55 2500 102 2570 lii
137 2503 331 2594 eruptione
364 2500 459 2571 facta
493 2501 708 2571 disiecerunt
740 2505 863 2573 hostes
896 2523 938 2570 ac
971 2481 1158 2597 fuga-”m

57 2643 154 2695 rant.
203 2625 365 2723 Longius
396 2642 518 2692 tamen
546 2648 607 2693 eos
638 2627 677 2693 in
696 2627 732 2676 (⁶)
755 2623 954 2722 Sogdianos
979 2625 1073 2694 inse·

58 2751 159 2831 cuti,
203 2749 268 2819 ubi
292 2750 348 2821 de,
363 2747 484 2816 reditu
512 2748 709 2817 consulunt
734 2771 953 2840 amnemque
977 2750 1075 2819 Poli-

56 2892 205 2949 metum
222 2871 263 2927 ‘f’
290 2871 458 2954 adfuere,
493 2871 627 2941 sensim
661 2867 965 2966 prosequentibus
991 2876 1075 2966 Scy-

84 3089 124 3139 (ι’-
145 3084 209 3130 cod.
220 3084 294 3141 uisis.
312 3080 347 3137 (b)
358 3083 420 3128 cod.
432 3095 536 3130 umato
543 3095 624 3144 gestu·
644 3086 678 3135 (r)
689 3083 743 3128 cod
763 3082 862 3130 hostilis
872 3083 938 3132 ricto.
955 3084 997 3139 (d)
1009 3083 1074 3131 cod.

58 3176 108 3225 pro
123 3159 265 3209 uictoriam.
289 3157 589 3216 (s)cod·'proinbabet
604 3159 656 3220 qui.
682 3157 862 3213 (flectimus
876 3159 969 3205 scribit
985 3151 1078 3203 Helu·
1107 3179 1110 3183 ·

61 3241 178 3304 τίμητον·

112 3413 160 3496 (1)
182 3423 270 3475 Locus
290 3418 375 3471 nimio
395 3417 484 3471 studio
506 3419 646 3474 brevitatis
670 3419 815 3484 obscurus,
844 3404 899 3471 'vet
912 3416 994 3470 etiarn
1016 3436 1077 3473 eor·

70 3518 183 3574 ruptus,
208 3504 299 3573 lqeurit
319 3506 408 3558 lucem
430 3505 462 3556 ab
478 3505 594 3558 Arriano
612 3517 658 3558 1v:
673 3511 699 3559 4.
724 3505 768 3576 qui
793 3505 831 3557 ait
848 3503 1005 3558 Alexandro
1025 3521 1076 3576 pro

69 3588 186 3645 transitu
199 3590 298 3645 Tanais
316 3589 476 3659 sacrificanti
490 3611 544 3644 non
561 3590 643 3642 semel
662 3589 777 3642 infauste
797 3590 875 3658 signa
892 3606 950 3641 esse
969 3589 1078 3661 prodite

67 3687 201 3732 monente
216 3689 278 3730 rate
294 3676 456 3730 Aristandro
476 3689 507 3729 ut
530 3677 562 3729 ab
582 3694 614 3727 eo
636 3674 747 3728 consilio
768 3675 912 3727 recederet.
956 3675 1076 3731 Alexan-

66 3765 156 3817 drum
180 3760 352 3815 nihilomiuus
370 3764 474 3832 pudore
492 3775 519 3814 et
539 3761 727 3831 indignatione
745 3761 944 3831 impellentibus
961 3760 1076 3815 Tanaim

63 3863 214 3920 superasse
234 3846 397 3919 Scythasque
423 3848 452 3900 in
474 3848 568 3919 fugam
591 3845 722 3900 vertisse:
749 3847 797 3899 sed
821 3863 886 3899 mox
909 3846 997 3918 ipsum
1015 3864 1077 3904 eum

45 3984 58 4019 ἶ
64 3932 195 3991 exercitu
212 3921 370 4004 gravissima
387 3934 432 3988 siti
447 3938 570 4006 pressum
593 3946 724 4008 epotaque
739 3932 870 3986 insalubsi
885 3949 953 4006 aqua
971 3932 1079 4003 pericu·

62 4025 125 4077 lose
146 4018 328 4090 agrotarisse.
416 4060 421 4065 .
452 4045 461 4081 ².

861 4104 881 4166 5
