2776 4934
167 395 174 413 “
207 425 249 482 so
564 376 862 479 inuentum

204 614 282 663 non
321 591 422 664 viam
453 587 628 683 perfacile
664 588 843 684 sapientia
873 588 1051 660 straverit.
1104 582 1218 681 Quod

203 718 304 790 enim
335 717 477 789 aliaslssl
501 715 683 812 praesenti
712 715 796 785 uani
825 715 1027 810 suppetiari
1049 709 1220 782 adverte·

203 861 260 913 rat
275 842 332 926 (¹),
356 864 527 938 promere
540 864 625 909 suos
637 837 678 888 ‘²'
700 840 816 934 pelles
833 839 953 922 iubet,
980 835 1115 933 quibus
1132 834 1217 908 sub-

201 963 353 1039 tendere
368 963 405 1014 (ὅ)
420 966 651 1064 gignentium
670 964 806 1037 frivola
822 964 993 1060 aridaque
1010 965 1217 1063 constringi

98 1115 103 1126 ·
203 1117 315 1189 qoam
330 1093 491 1163 maxime
506 1090 546 1160 in
562 1090 721 1163 vinculis
736 1089 981 1163 crebrioribus
997 1088 1121 1170 docet.
1147 1091 1215 1160 His

202 1222 340 1316 quippe
361 1219 496 1316 pactis,
521 1214 708 1287 substratu
723 1216 866 1287 levium
875 1216 1146 1311 densarumque
1158 1217 1216 1287 iti-

202 1344 288 1416 dem
313 1360 353 1416 et
379 1343 586 1438 superiectu
614 1338 915 1413 trabilacularum
930 1341 967 1393 (θ)
994 1345 1142 1413 calcatu
1166 1360 1216 1415 ta·

200 1468 446 1541 bulandarum
489 1490 626 1537 conexa
649 1463 694 1518 (ἆ)
732 1468 1023 1562 utrimquesecus
1055 1469 1214 1563 pellium

182 1576 412 1695 ¹pragmema
450 1617 558 1664 usum
591 1592 733 1664 ratium
767 1594 1038 1693 integrarerant
1070 1589 1214 1688 sibique

197 1724 407 1818 pecorique.
447 1725 493 1791 In
517 1720 615 1790 hunc
640 1719 795 1791 modum
819 1720 969 1790 sarcinis
992 1730 1214 1812 transporta·

197 1849 265 1931 tis,
307 1872 383 1919 non
417 1845 706 1939 superstantibus
738 1861 887 1915 tantum
911 1840 984 1912 fida
1009 1842 1211 1927 militibus,

197 1969 263 2043 serl
287 1967 510 2041 armantibus
531 1993 677 2064 quoque
696 1967 920 2050 animandis,
946 1968 978 2038 si
996 1971 1110 2040 statio
1132 1973 1210 2045 bor·

199 2094 348 2176 ruisset,
384 2094 562 2189 opinione
585 2093 734 2167 facilior
757 2094 984 2167 transmissio
1007 2093 1101 2178 fuit,
1128 2124 1209 2170 cum

200 2243 264 2290 sex
287 2216 413 2289 stadiis
437 2218 646 2290 latitudinis
669 2221 792 2292 alveus
820 2220 895 2296 Oxi
917 2223 1035 2293 amnis
1061 2241 1208 2318 pateret

45 2386 128 2437 Besus
143 2399 190 2437 ca·
276 2349 470 2417 LXXVIII.
504 2351 583 2417 Nec
615 2363 741 2417 tamen
765 2346 960 2442 quisquam
986 2375 1092 2422 ausus
1119 2352 1208 2425 obsi·
1249 2410 1251 2431 ,

22 2469 105 2539 pirus.
199 2488 296 2542 stere
328 2489 402 2542 est:
446 2473 534 2566 quin
568 2473 681 2545 etiam
710 2475 903 2545 nuntiatur
933 2476 1010 2546 iam
1043 2480 1207 2574 planiora
1248 2446 1251 2529 ss

196 2593 451 2692 perinantibus
468 2595 504 2645 (⁸)
523 2602 657 2669 Besum
673 2597 727 2668 ibi
738 2595 782 2650 (f)
799 2600 965 2673 vinctum
981 2628 1002 2673 a
1019 2605 1093 2676 suis
1110 2632 1206 2680 com·

196 2723 303 2794 muni
319 2721 480 2816 pretium
494 2723 625 2818 culpae
642 2728 779 2796 servari
798 2750 866 2820 pro
888 2729 963 2812 his,
990 2730 1205 2825 quibuscum

194 2846 357 2946 fugerat,
393 2874 508 2919 reum.
565 2857 685 2946 Quare
711 2854 809 2924 exim
834 2855 905 2925 iter
930 2856 1042 2927 solito
1068 2860 1207 2951 patien·

192 2973 267 3045 tius
284 2973 334 3049 (ὅ),
348 2972 449 3045 facit.
499 2976 756 3049 Ptolomaeum
768 2975 813 3043 ll>
836 3000 924 3048 vero
947 2981 1038 3076 Lagi
1063 2990 1208 3072 praeire

191 3117 406 3194 susceptum·
428 3105 561 3170 Besum
588 3099 639 3180 arl
659 3116 780 3198 aeque
803 3101 1003 3198 perducere
1035 3111 1209 3183 antemit.

217 3327 258 3379 (a)
274 3324 337 3371 ond.
360 3321 446 3371 aliud·
474 3323 508 3378 (b)
526 3327 591 3373 cod.
615 3341 732 3395 pomero
752 3341 807 3374 suos
827 3324 924 3386 palles,
948 3325 1036 3389 quibus
1056 3328 1208 3397 srrlrsndm

190 3398 257 3446 r'ubte
272 3401 317 3447 air.
355 3401 389 3453 (e)
406 3404 443 3447 Ita
461 3401 518 3448 oud.
537 3399 650 3449 ntri'en
671 3402 791 3449 mendum
814 3416 862 3460 pro
878 3398 1071 3453 adiecturum.
1106 3411 1150 3464 (d)
1168 3418 1225 3461 m-

191 3473 252 3519 cod.
268 3486 426 3521 surannae.
453 3478 487 3528 (e)
505 3477 609 3524 Itucod.
626 3477 736 3524 videtur
751 3485 839 3524 autera
853 3479 1018 3526 scribendum
1036 3489 1206 3549 peregrim.

190 3546 256 3598 rr'bus
272 3560 317 3596 aur
335 3549 537 3608 permeantibus·
561 3553 609 3607 (f)
627 3553 690 3598 cod.
709 3549 758 3599 ubi.
786 3552 827 3615 lg)
844 3554 910 3600 Cod·
928 3557 1093 3616 pallentibus.
1117 3560 1206 3617 (bIIta

190 3623 253 3670 eod.
268 3631 418 3671 consumet
436 3625 626 3684 Ptolomaeum,
642 3640 698 3675 uon
714 3625 898 3677 Ptolemaeum.

191 3721 1209 3766 --—-·-——-—-—-—--—.-—.

235 3812 284 3898 (1)
305 3822 392 3876 Huius
409 3823 516 3877 artificii
531 3822 658 3876 militaris
679 3824 835 3896 exemplum
857 3840 897 3880 eat
918 3827 1001 3882 etism
1022 3831 1093 3917 apuq
1110 3833 1205 3886 Xeno·

191 3908 324 3979 phontetn
346 3907 724 3981 Gyriercped.1.6·§.¹0.

235 3991 280 4063 (2)
301 3995 406 4067 Nempe
428 3994 539 4050 milites.
