<?xml version="1.0" encoding="UTF-8"?>
<!DOCTYPE html PUBLIC "-//W3C//DTD XHTML 1.0 Transitional//EN"
    "http://www.w3.org/TR/xhtml1/DTD/xhtml1-transitional.dtd">
<html xmlns="http://www.w3.org/1999/xhtml" xml:lang="en" lang="en">
 <head>
  <title>
</title>
<meta http-equiv="Content-Type" content="text/html;charset=utf-8" />
  <meta name='ocr-system' content='tesseract 3.04.00' />
  <meta name='ocr-capabilities' content='ocr_page ocr_carea ocr_par ocr_line ocrx_word'/>
</head>
<body>
  <div class='ocr_page' id='page_1' title='image "./itinerariumalex00valegoog_0246.png"; bbox 0 0 2776 4934; ppageno 0'>
   <div class='ocr_carea' id='block_1_1' title="bbox 413 360 1145 471">
    <p class='ocr_par' dir='ltr' id='par_1_1' title="bbox 413 360 1145 471">
     <span class='ocr_line' id='line_1_1' title="bbox 413 360 1145 471; baseline 0 -42"><span class='ocrx_word' id='word_1_1' title='bbox 413 367 491 430; x_wconf 76' lang='lat' dir='ltr'><em>sEv</em></span> <span class='ocrx_word' id='word_1_2' title='bbox 514 366 646 430; x_wconf 83' lang='lat' dir='ltr'>LIBER</span> <span class='ocrx_word' id='word_1_3' title='bbox 666 366 726 430; x_wconf 87' lang='lat'><em>111.</em></span> <span class='ocrx_word' id='word_1_4' title='bbox 759 360 787 443; x_wconf 49' lang='lat' dir='ltr'>J</span> <span class='ocrx_word' id='word_1_5' title='bbox 997 369 1056 429; x_wconf 75' lang='lat'><em>239</em></span> <span class='ocrx_word' id='word_1_6' title='bbox 1143 464 1145 471; x_wconf 28' lang='grc' dir='ltr'>Ι</span> 
     </span>
    </p>
   </div>
   <div class='ocr_carea' id='block_1_2' title="bbox 26 534 1234 3703">
    <p class='ocr_par' dir='ltr' id='par_1_2' title="bbox 42 534 1063 847">
     <span class='ocr_line' id='line_1_2' title="bbox 44 534 1062 630; baseline 0.001 -29"><span class='ocrx_word' id='word_1_7' title='bbox 44 565 63 601; x_wconf 73' lang='lat' dir='ltr'><em>&gt;s</em></span> <span class='ocrx_word' id='word_1_8' title='bbox 74 542 188 622; x_wconf 85' lang='lat' dir='ltr'><em>pellat.</em></span> <span class='ocrx_word' id='word_1_9' title='bbox 221 536 293 605; x_wconf 55' lang='lat' dir='ltr'><em>Sedx</em></span> <span class='ocrx_word' id='word_1_10' title='bbox 303 541 392 604; x_wconf 81' lang='lat' dir='ltr'><strong><em>nihil</em></strong></span> <span class='ocrx_word' id='word_1_11' title='bbox 401 534 578 630; x_wconf 86' lang='lat' dir='ltr'><em>aliudfere</em></span> <span class='ocrx_word' id='word_1_12' title='bbox 591 541 637 602; x_wconf 85' lang='lat' dir='ltr'><em>ad</em></span> <span class='ocrx_word' id='word_1_13' title='bbox 646 541 750 603; x_wconf 86' lang='lat' dir='ltr'><em>cibum</em></span> <span class='ocrx_word' id='word_1_14' title='bbox 767 554 906 623; x_wconf 89' lang='lat' dir='ltr'><em>norunt,</em></span> <span class='ocrx_word' id='word_1_15' title='bbox 928 555 1062 623; x_wconf 85' lang='lat' dir='ltr'><em>praeter·</em></span> 
     </span>
     <span class='ocr_line' id='line_1_3' title="bbox 43 644 1063 738; baseline 0.002 -26"><span class='ocrx_word' id='word_1_16' title='bbox 43 655 214 734; x_wconf 85' lang='lat' dir='ltr'><em>»piscium</em></span> <span class='ocrx_word' id='word_1_17' title='bbox 232 673 372 733; x_wconf 77' lang='lat' dir='ltr'><em>genera,</em></span> <span class='ocrx_word' id='word_1_18' title='bbox 395 674 531 738; x_wconf 80' lang='lat' dir='ltr'><em>quorum</em></span> <span class='ocrx_word' id='word_1_19' title='bbox 548 652 616 714; x_wconf 93' lang='lat' dir='ltr'><em>illis</em></span> <span class='ocrx_word' id='word_1_20' title='bbox 638 653 742 713; x_wconf 86' lang='lat' dir='ltr'><em>multo</em></span> <span class='ocrx_word' id='word_1_21' title='bbox 758 644 926 738; x_wconf 82' lang='lat' dir='ltr'><em>etfacilis</em></span> <span class='ocrx_word' id='word_1_22' title='bbox 943 653 1063 714; x_wconf 83' lang='lat' dir='ltr'><em>habun-</em></span> 
     </span>
     <span class='ocr_line' id='line_1_4' title="bbox 42 752 1062 847; baseline 0.005 -26"><span class='ocrx_word' id='word_1_23' title='bbox 42 763 194 826; x_wconf 80' lang='lat' dir='ltr'><em>»dantia</em></span> <span class='ocrx_word' id='word_1_24' title='bbox 212 760 251 809; x_wconf 56' lang='grc' dir='ltr'><em>(α)</em></span> <span class='ocrx_word' id='word_1_25' title='bbox 273 775 332 824; x_wconf 85' lang='lat' dir='ltr'><em>est.</em></span> <span class='ocrx_word' id='word_1_26' title='bbox 367 764 455 825; x_wconf 90' lang='lat' dir='ltr'><em>Fuit</em></span> <span class='ocrx_word' id='word_1_27' title='bbox 470 765 578 845; x_wconf 82' lang='lat' dir='ltr'><em>igitur</em></span> <span class='ocrx_word' id='word_1_28' title='bbox 606 761 689 823; x_wconf 75' lang='lat' dir='ltr'><em>mitt</em></span> <span class='ocrx_word' id='word_1_29' title='bbox 710 762 756 822; x_wconf 82' lang='lat' dir='ltr'><em>ad</em></span> <span class='ocrx_word' id='word_1_30' title='bbox 783 782 891 824; x_wconf 90' lang='lat' dir='ltr'><em>eornm</em></span> <span class='ocrx_word' id='word_1_31' title='bbox 917 752 1062 847; x_wconf 81' lang='lat' dir='ltr'><em>fabulas</em></span> 
     </span>
    </p>

    <p class='ocr_par' dir='ltr' id='par_1_3' title="bbox 30 860 1059 955">
     <span class='ocr_line' id='line_1_5' title="bbox 30 860 1059 955; baseline 0.001 -20"><span class='ocrx_word' id='word_1_32' title='bbox 30 894 62 953; x_wconf 69' lang='lat' dir='ltr'><em>s?</em></span> <span class='ocrx_word' id='word_1_33' title='bbox 73 874 276 955; x_wconf 81' lang='lat' dir='ltr'><em>diligentia,</em></span> <span class='ocrx_word' id='word_1_34' title='bbox 309 885 342 934; x_wconf 93' lang='lat' dir='ltr'><em>et</em></span> <span class='ocrx_word' id='word_1_35' title='bbox 359 875 525 952; x_wconf 77' lang='lat' dir='ltr'><strong><em>interpres</em></strong></span> <span class='ocrx_word' id='word_1_36' title='bbox 546 860 754 954; x_wconf 55' lang='lat' dir='ltr'><em>inventast&gt;</em></span> <span class='ocrx_word' id='word_1_37' title='bbox 785 886 853 952; x_wconf 87' lang='lat' dir='ltr'><em>est,</em></span> <span class='ocrx_word' id='word_1_38' title='bbox 883 873 943 953; x_wconf 86' lang='lat' dir='ltr'><em>qui</em></span> <span class='ocrx_word' id='word_1_39' title='bbox 969 872 1059 936; x_wconf 87' lang='lat' dir='ltr'><em>nobis</em></span> 
     </span>
    </p>

    <p class='ocr_par' dir='ltr' id='par_1_4' title="bbox 41 973 708 1068">
     <span class='ocr_line' id='line_1_6' title="bbox 41 973 708 1068; baseline 0.003 -25"><span class='ocrx_word' id='word_1_40' title='bbox 41 1005 62 1043; x_wconf 84' lang='lat' dir='ltr'><em>&gt;r</em></span> <span class='ocrx_word' id='word_1_41' title='bbox 74 987 173 1046; x_wconf 88' lang='lat' dir='ltr'><em>daret</em></span> <span class='ocrx_word' id='word_1_42' title='bbox 185 1006 253 1044; x_wconf 86' lang='lat' dir='ltr'><em>tum</em></span> <span class='ocrx_word' id='word_1_43' title='bbox 270 982 358 1045; x_wconf 76' lang='lat' dir='ltr'><em>bitte</em></span> <span class='ocrx_word' id='word_1_44' title='bbox 373 981 525 1044; x_wconf 85' lang='lat' dir='ltr'><em>barbaris</em></span> <span class='ocrx_word' id='word_1_45' title='bbox 533 973 708 1068; x_wconf 78' lang='lat' dir='ltr'><em>fabulari·</em></span> 
     </span>
    </p>

    <p class='ocr_par' dir='ltr' id='par_1_5' title="bbox 30 1060 1234 1503">
     <span class='ocr_line' id='line_1_7' title="bbox 30 1060 1234 1175; baseline 0.002 -24"><span class='ocrx_word' id='word_1_46' title='bbox 30 1060 36 1085; x_wconf 29' lang='grc' dir='ltr'>ἱ</span> <span class='ocrx_word' id='word_1_47' title='bbox 111 1090 234 1158; x_wconf 84' lang='lat' dir='ltr'>XXIV.</span> <span class='ocrx_word' id='word_1_48' title='bbox 266 1092 441 1175; x_wconf 82' lang='lat' dir='ltr'><em>»Cumque</em></span> <span class='ocrx_word' id='word_1_49' title='bbox 457 1093 577 1154; x_wconf 90' lang='lat' dir='ltr'><em>multus</em></span> <span class='ocrx_word' id='word_1_50' title='bbox 597 1107 631 1154; x_wconf 90' lang='lat' dir='ltr'><em>et</em></span> <span class='ocrx_word' id='word_1_51' title='bbox 647 1092 762 1154; x_wconf 84' lang='lat' dir='ltr'><em>varius</em></span> <span class='ocrx_word' id='word_1_52' title='bbox 787 1112 891 1153; x_wconf 87' lang='lat' dir='ltr'><em>sermo</em></span> <span class='ocrx_word' id='word_1_53' title='bbox 906 1094 1061 1173; x_wconf 84' lang='lat' dir='ltr'><em>procede·</em></span> <span class='ocrx_word' id='word_1_54' title='bbox 1074 1119 1166 1174; x_wconf 57' lang='lat' dir='ltr'><em>Ma</em></span> <span class='ocrx_word' id='word_1_55' title='bbox 1177 1141 1234 1175; x_wconf 83' lang='lat' dir='ltr'><em>ma-</em></span> 
     </span>
     <span class='ocr_line' id='line_1_8' title="bbox 47 1200 1144 1285; baseline 0.002 -23"><span class='ocrx_word' id='word_1_56' title='bbox 47 1225 67 1262; x_wconf 79' lang='lat' dir='ltr'><em>n</em></span> <span class='ocrx_word' id='word_1_57' title='bbox 77 1214 140 1279; x_wconf 85' lang='lat' dir='ltr'><em>ret,</em></span> <span class='ocrx_word' id='word_1_58' title='bbox 153 1201 255 1263; x_wconf 85' lang='lat' dir='ltr'><em>locum</em></span> <span class='ocrx_word' id='word_1_59' title='bbox 263 1204 391 1265; x_wconf 83' lang='lat' dir='ltr'><em>intereo</em></span> <span class='ocrx_word' id='word_1_60' title='bbox 399 1202 559 1285; x_wconf 85' lang='lat' dir='ltr'><em>quendam</em></span> <span class='ocrx_word' id='word_1_61' title='bbox 569 1202 698 1264; x_wconf 90' lang='lat' dir='ltr'><em>insulae</em></span> <span class='ocrx_word' id='word_1_62' title='bbox 707 1214 926 1265; x_wconf 82' lang='lat' dir='ltr'><em>monstravere</em></span> <span class='ocrx_word' id='word_1_63' title='bbox 932 1200 1020 1282; x_wconf 86' lang='lat' dir='ltr'><em>(nom</em></span> <span class='ocrx_word' id='word_1_64' title='bbox 1030 1204 1061 1264; x_wconf 91' lang='lat' dir='ltr'><em>is</em></span> <span class='ocrx_word' id='word_1_65' title='bbox 1073 1207 1144 1277; x_wconf 78' lang='lat' dir='ltr'><em>giea.</em></span> 
     </span>
     <span class='ocr_line' id='line_1_9' title="bbox 45 1311 1061 1395; baseline 0.004 -23"><span class='ocrx_word' id='word_1_66' title='bbox 45 1315 176 1374; x_wconf 78' lang='lat' dir='ltr'><em>»etiam</em></span> <span class='ocrx_word' id='word_1_67' title='bbox 195 1316 316 1375; x_wconf 86' lang='lat' dir='ltr'><em>eminus</em></span> <span class='ocrx_word' id='word_1_68' title='bbox 333 1311 525 1389; x_wconf 78' lang='lat' dir='ltr'><em>visebatur)</em></span> <span class='ocrx_word' id='word_1_69' title='bbox 557 1316 646 1395; x_wconf 85' lang='lat' dir='ltr'><em>quod</em></span> <span class='ocrx_word' id='word_1_70' title='bbox 670 1334 737 1376; x_wconf 85' lang='lat' dir='ltr'><em>esse</em></span> <span class='ocrx_word' id='word_1_71' title='bbox 762 1312 915 1375; x_wconf 86' lang='lat' dir='ltr'><em>dicebant</em></span> <span class='ocrx_word' id='word_1_72' title='bbox 941 1319 1061 1378; x_wconf 85' lang='lat' dir='ltr'><em>ueteris</em></span> 
     </span>
     <span class='ocr_line' id='line_1_10' title="bbox 45 1422 1062 1503; baseline 0.002 -21"><span class='ocrx_word' id='word_1_73' title='bbox 45 1425 244 1485; x_wconf 79' lang='lat' dir='ltr'><em>»cuiusdam</em></span> <span class='ocrx_word' id='word_1_74' title='bbox 262 1422 353 1503; x_wconf 82' lang='lat' dir='ltr'><em>regis</em></span> <span class='ocrx_word' id='word_1_75' title='bbox 373 1422 519 1485; x_wconf 77' lang='lat' dir='ltr'><em>indidem</em></span> <span class='ocrx_word' id='word_1_76' title='bbox 546 1437 800 1484; x_wconf 82' lang='lat' dir='ltr'><em>monumentum.-</em></span> <span class='ocrx_word' id='word_1_77' title='bbox 829 1423 866 1484; x_wconf 88' lang='lat' dir='ltr'><em>id</em></span> <span class='ocrx_word' id='word_1_78' title='bbox 888 1442 968 1484; x_wconf 88' lang='lat' dir='ltr'><em>auro</em></span> <span class='ocrx_word' id='word_1_79' title='bbox 995 1442 1062 1485; x_wconf 84' lang='lat' dir='ltr'><em>esse</em></span> 
     </span>
    </p>

    <p class='ocr_par' dir='ltr' id='par_1_6' title="bbox 48 1524 1066 1836">
     <span class='ocr_line' id='line_1_11' title="bbox 48 1524 1064 1616; baseline 0.004 -24"><span class='ocrx_word' id='word_1_80' title='bbox 48 1555 68 1592; x_wconf 79' lang='lat' dir='ltr'><em>&gt;s</em></span> <span class='ocrx_word' id='word_1_81' title='bbox 79 1547 112 1595; x_wconf 89' lang='lat' dir='ltr'><em>et</em></span> <span class='ocrx_word' id='word_1_82' title='bbox 128 1535 252 1613; x_wconf 88' lang='lat' dir='ltr'><em>pretiis</em></span> <span class='ocrx_word' id='word_1_83' title='bbox 271 1524 519 1616; x_wconf 90' lang='lat' dir='ltr'><em>refertissimum</em></span> <span class='ocrx_word' id='word_1_84' title='bbox 534 1533 682 1595; x_wconf 86' lang='lat' dir='ltr'><em>conditis</em></span> <span class='ocrx_word' id='word_1_85' title='bbox 693 1526 739 1598; x_wconf 53' lang='grc' dir='ltr'>(θ).</span> <span class='ocrx_word' id='word_1_86' title='bbox 780 1531 860 1594; x_wconf 87' lang='lat' dir='ltr'><em>Cum</em></span> <span class='ocrx_word' id='word_1_87' title='bbox 879 1532 1064 1596; x_wconf 77' lang='lat' dir='ltr'><strong><em>naturalem</em></strong></span> 
     </span>
     <span class='ocr_line' id='line_1_12' title="bbox 49 1642 1065 1722; baseline 0.002 -20"><span class='ocrx_word' id='word_1_88' title='bbox 49 1642 243 1706; x_wconf 83' lang='lat' dir='ltr'><em>»bominum</em></span> <span class='ocrx_word' id='word_1_89' title='bbox 270 1642 324 1705; x_wconf 84' lang='lat' dir='ltr'><em>vel</em></span> <span class='ocrx_word' id='word_1_90' title='bbox 348 1642 556 1722; x_wconf 80' lang='lat' dir='ltr'><em>diligentium</em></span> <span class='ocrx_word' id='word_1_91' title='bbox 575 1643 612 1701; x_wconf 86' lang='lat' dir='ltr'><em>in</em></span> <span class='ocrx_word' id='word_1_92' title='bbox 628 1645 749 1703; x_wconf 87' lang='lat' dir='ltr'><em>nostris</em></span> <span class='ocrx_word' id='word_1_93' title='bbox 764 1642 818 1702; x_wconf 85' lang='lat' dir='ltr'><em>vel</em></span> <span class='ocrx_word' id='word_1_94' title='bbox 834 1645 1065 1722; x_wconf 81' lang='lat' dir='ltr'><em>appetentiam</em></span> 
     </span>
     <span class='ocr_line' id='line_1_13' title="bbox 49 1743 1066 1836; baseline 0.003 -22"><span class='ocrx_word' id='word_1_95' title='bbox 49 1755 317 1834; x_wconf 76' lang='lat' dir='ltr'><em>»promovissent</em></span> <span class='ocrx_word' id='word_1_96' title='bbox 345 1744 408 1827; x_wconf 65' lang='lat' dir='ltr'><em>(d),</em></span> <span class='ocrx_word' id='word_1_97' title='bbox 442 1752 657 1835; x_wconf 79' lang='lat' dir='ltr'><em>certatimque</em></span> <span class='ocrx_word' id='word_1_98' title='bbox 680 1743 939 1836; x_wconf 83' lang='lat' dir='ltr'><em>festinaremus,</em></span> <span class='ocrx_word' id='word_1_99' title='bbox 986 1774 1066 1833; x_wconf 84' lang='lat' dir='ltr'><em>pars</em></span> 
     </span>
    </p>

    <p class='ocr_par' dir='ltr' id='par_1_7' title="bbox 48 1860 1069 1942">
     <span class='ocr_line' id='line_1_14' title="bbox 48 1860 1069 1942; baseline 0.002 -18"><span class='ocrx_word' id='word_1_100' title='bbox 48 1886 68 1924; x_wconf 91' lang='lat'>»</span> <span class='ocrx_word' id='word_1_101' title='bbox 78 1864 234 1926; x_wconf 81' lang='lat' dir='ltr'><em>visendae</em></span> <span class='ocrx_word' id='word_1_102' title='bbox 249 1860 353 1924; x_wconf 83' lang='lat' dir='ltr'><em>eiu&#39;ste</em></span> <span class='ocrx_word' id='word_1_103' title='bbox 371 1860 497 1920; x_wconf 87' lang='lat' dir='ltr'><em>insulae</em></span> <span class='ocrx_word' id='word_1_104' title='bbox 511 1861 566 1920; x_wconf 86' lang='lat' dir='ltr'><em>vel</em></span> <span class='ocrx_word' id='word_1_105' title='bbox 592 1860 778 1939; x_wconf 77' lang='lat' dir='ltr'><em>sepulchri,</em></span> <span class='ocrx_word' id='word_1_106' title='bbox 811 1884 892 1942; x_wconf 91' lang='lat' dir='ltr'><em>pars</em></span> <span class='ocrx_word' id='word_1_107' title='bbox 916 1884 994 1926; x_wconf 84' lang='lat' dir='ltr'><em>vero</em></span> <span class='ocrx_word' id='word_1_108' title='bbox 1015 1864 1069 1926; x_wconf 77' lang='lat' dir='ltr'><em>uel</em></span> 
     </span>
    </p>

    <p class='ocr_par' dir='ltr' id='par_1_8' title="bbox 47 1950 1201 2163">
     <span class='ocr_line' id='line_1_15' title="bbox 47 1950 1201 2054; baseline 0 -20"><span class='ocrx_word' id='word_1_109' title='bbox 47 1996 67 2034; x_wconf 87' lang='lat'>»</span> <span class='ocrx_word' id='word_1_110' title='bbox 77 1974 215 2054; x_wconf 84' lang='lat' dir='ltr'><em>plurimi</em></span> <span class='ocrx_word' id='word_1_111' title='bbox 243 1972 322 2033; x_wconf 88' lang='lat' dir='ltr'><em>auri</em></span> <span class='ocrx_word' id='word_1_112' title='bbox 346 1971 445 2031; x_wconf 88' lang='lat' dir='ltr'><em>etiam</em></span> <span class='ocrx_word' id='word_1_113' title='bbox 471 1970 658 2047; x_wconf 86' lang='lat' dir='ltr'><em>aviditate,</em></span> <span class='ocrx_word' id='word_1_114' title='bbox 687 1983 722 2031; x_wconf 90' lang='lat' dir='ltr'><em>et</em></span> <span class='ocrx_word' id='word_1_115' title='bbox 748 1991 804 2049; x_wconf 81' lang='lat' dir='ltr'><em>spe</em></span> <span class='ocrx_word' id='word_1_116' title='bbox 825 1974 983 2050; x_wconf 82' lang='lat' dir='ltr'><em>potiundi</em></span> <span class='ocrx_word' id='word_1_117' title='bbox 1003 1977 1068 2034; x_wconf 88' lang='lat' dir='ltr'><em>iam</em></span> <span class='ocrx_word' id='word_1_118' title='bbox 1163 2020 1166 2025; x_wconf 78' lang='lat'><em>,</em></span> <span class='ocrx_word' id='word_1_119' title='bbox 1191 1950 1201 1967; x_wconf 24' lang='lat' dir='ltr'><em>&#39;s</em></span> 
     </span>
     <span class='ocr_line' id='line_1_16' title="bbox 48 2075 1110 2163; baseline 0 -20"><span class='ocrx_word' id='word_1_120' title='bbox 48 2075 199 2145; x_wconf 82' lang='lat' dir='ltr'><em>»animis</em></span> <span class='ocrx_word' id='word_1_121' title='bbox 232 2079 468 2163; x_wconf 77' lang='lat' dir='ltr'><em>gestientibus3</em></span> <span class='ocrx_word' id='word_1_122' title='bbox 499 2092 632 2158; x_wconf 85' lang='lat' dir='ltr'><em>repente</em></span> <span class='ocrx_word' id='word_1_123' title='bbox 657 2079 790 2143; x_wconf 87' lang='lat' dir='ltr'><em>barbari</em></span> <span class='ocrx_word' id='word_1_124' title='bbox 820 2084 880 2160; x_wconf 81' lang='lat' dir='ltr'><em>qui</em></span> <span class='ocrx_word' id='word_1_125' title='bbox 908 2082 974 2144; x_wconf 84' lang='lat' dir='ltr'><em>loti</em></span> <span class='ocrx_word' id='word_1_126' title='bbox 1000 2085 1069 2145; x_wconf 79' lang='lat' dir='ltr'><em>tiut</em></span> <span class='ocrx_word' id='word_1_127' title='bbox 1106 2122 1110 2129; x_wconf 92' lang='lat'>-</span> 
     </span>
    </p>

    <p class='ocr_par' dir='ltr' id='par_1_9' title="bbox 47 2182 1072 2592">
     <span class='ocr_line' id='line_1_17' title="bbox 47 2182 1069 2277; baseline 0.002 -24"><span class='ocrx_word' id='word_1_128' title='bbox 47 2217 67 2253; x_wconf 91' lang='lat'>»</span> <span class='ocrx_word' id='word_1_129' title='bbox 79 2195 205 2255; x_wconf 87' lang='lat' dir='ltr'><em>indiees</em></span> <span class='ocrx_word' id='word_1_130' title='bbox 215 2182 368 2277; x_wconf 85' lang='lat' dir='ltr'><em>fuerant</em></span> <span class='ocrx_word' id='word_1_131' title='bbox 385 2190 579 2250; x_wconf 89' lang='lat' dir='ltr'><em>dilabuntur</em></span> <span class='ocrx_word' id='word_1_132' title='bbox 595 2212 675 2273; x_wconf 88' lang='lat' dir='ltr'><em>eque</em></span> <span class='ocrx_word' id='word_1_133' title='bbox 695 2184 731 2237; x_wconf 64' lang='lat'><em>⁰)</em></span> <span class='ocrx_word' id='word_1_134' title='bbox 757 2204 930 2270; x_wconf 83' lang='lat' dir='ltr'><em>conspeetu</em></span> <span class='ocrx_word' id='word_1_135' title='bbox 954 2206 1069 2255; x_wconf 90' lang='lat' dir='ltr'><em>nostro</em></span> 
     </span>
     <span class='ocr_line' id='line_1_18' title="bbox 49 2299 1071 2382; baseline 0.001 -19"><span class='ocrx_word' id='word_1_136' title='bbox 49 2307 205 2365; x_wconf 76' lang='lat' dir='ltr'><em>»ineerta</em></span> <span class='ocrx_word' id='word_1_137' title='bbox 227 2322 365 2382; x_wconf 87' lang='lat' dir='ltr'><em>quanam</em></span> <span class='ocrx_word' id='word_1_138' title='bbox 396 2299 571 2359; x_wconf 86' lang='lat' dir='ltr'><em>maiestate</em></span> <span class='ocrx_word' id='word_1_139' title='bbox 596 2313 812 2371; x_wconf 73' lang='lat' dir='ltr'><em>evanescunt,</em></span> <span class='ocrx_word' id='word_1_140' title='bbox 841 2303 969 2364; x_wconf 84' lang='lat' dir='ltr'><em>relictis</em></span> <span class='ocrx_word' id='word_1_141' title='bbox 992 2322 1071 2364; x_wconf 85' lang='lat' dir='ltr'><em>saue</em></span> 
     </span>
     <span class='ocr_line' id='line_1_19' title="bbox 51 2398 1072 2492; baseline -0.001 -20"><span class='ocrx_word' id='word_1_142' title='bbox 51 2411 241 2474; x_wconf 73' lang='lat' dir='ltr'><em>»traviculis</em></span> <span class='ocrx_word' id='word_1_143' title='bbox 258 2409 438 2469; x_wconf 75' lang='lat' dir='ltr'><em>admodum</em></span> <span class='ocrx_word' id='word_1_144' title='bbox 465 2409 584 2485; x_wconf 87' lang='lat' dir='ltr'><em>porois</em></span> <span class='ocrx_word' id='word_1_145' title='bbox 608 2408 733 2471; x_wconf 65' lang='lat' dir='ltr'><em>metm</em></span> <span class='ocrx_word' id='word_1_146' title='bbox 757 2428 797 2469; x_wconf 84' lang='lat' dir='ltr'><em>aa</em></span> <span class='ocrx_word' id='word_1_147' title='bbox 821 2398 928 2471; x_wconf 76' lang='lat' dir='ltr'><em>desem</em></span> <span class='ocrx_word' id='word_1_148' title='bbox 954 2410 1072 2492; x_wconf 81' lang='lat' dir='ltr'><em>quibus</em></span> 
     </span>
     <span class='ocr_line' id='line_1_20' title="bbox 50 2513 624 2592; baseline -0.012 -12"><span class='ocrx_word' id='word_1_149' title='bbox 50 2519 207 2582; x_wconf 73' lang='lat' dir='ltr'><em>»vectari</em></span> <span class='ocrx_word' id='word_1_150' title='bbox 226 2514 319 2576; x_wconf 89' lang='lat' dir='ltr'><em>soliti</em></span> <span class='ocrx_word' id='word_1_151' title='bbox 338 2513 624 2592; x_wconf 80' lang='lat' dir='ltr'><em>intellegebantur.</em></span> 
     </span>
    </p>

    <p class='ocr_par' dir='ltr' id='par_1_10' title="bbox 118 2621 1234 2705">
     <span class='ocr_line' id='line_1_21' title="bbox 118 2621 1234 2705; baseline -0.004 -17"><span class='ocrx_word' id='word_1_152' title='bbox 118 2622 224 2691; x_wconf 86' lang='lat' dir='ltr'>XXV.</span> <span class='ocrx_word' id='word_1_153' title='bbox 255 2626 400 2704; x_wconf 77' lang='lat' dir='ltr'><em>»Igitur</em></span> <span class='ocrx_word' id='word_1_154' title='bbox 417 2644 483 2684; x_wconf 86' lang='lat' dir='ltr'><em>una</em></span> <span class='ocrx_word' id='word_1_155' title='bbox 497 2642 615 2684; x_wconf 87' lang='lat' dir='ltr'><em>meeum</em></span> <span class='ocrx_word' id='word_1_156' title='bbox 633 2643 702 2683; x_wconf 90' lang='lat' dir='ltr'><em>eum</em></span> <span class='ocrx_word' id='word_1_157' title='bbox 726 2621 826 2685; x_wconf 81' lang='lat' dir='ltr'><em>amici</em></span> <span class='ocrx_word' id='word_1_158' title='bbox 846 2624 893 2684; x_wconf 87' lang='lat' dir='ltr'><em>ad</em></span> <span class='ocrx_word' id='word_1_159' title='bbox 909 2637 1074 2705; x_wconf 85' lang='lat' dir='ltr'><em>spectacu-</em></span> <span class='ocrx_word' id='word_1_160' title='bbox 1087 2626 1234 2684; x_wconf 80' lang='lat' dir='ltr'><em>Delibera-</em></span> 
     </span>
    </p>

    <p class='ocr_par' dir='ltr' id='par_1_11' title="bbox 53 2716 1223 3039">
     <span class='ocr_line' id='line_1_22' title="bbox 54 2716 1223 2817; baseline -0.003 -16"><span class='ocrx_word' id='word_1_161' title='bbox 54 2765 73 2801; x_wconf 76' lang='lat' dir='ltr'><em>n</em></span> <span class='ocrx_word' id='word_1_162' title='bbox 83 2741 150 2802; x_wconf 92' lang='lat' dir='ltr'><em>lum</em></span> <span class='ocrx_word' id='word_1_163' title='bbox 174 2747 414 2817; x_wconf 86' lang='lat' dir='ltr'><em>properarent,</em></span> <span class='ocrx_word' id='word_1_164' title='bbox 452 2731 577 2795; x_wconf 78' lang='lat' dir='ltr'><em>Philon</em></span> <span class='ocrx_word' id='word_1_165' title='bbox 605 2733 732 2794; x_wconf 86' lang='lat' dir='ltr'><em>seilicet</em></span> <span class='ocrx_word' id='word_1_166' title='bbox 759 2745 793 2794; x_wconf 87' lang='lat' dir='ltr'><em>et</em></span> <span class='ocrx_word' id='word_1_167' title='bbox 820 2733 1072 2816; x_wconf 79' lang='lat' dir='ltr'><em>Hephaestion,</em></span> <span class='ocrx_word' id='word_1_168' title='bbox 1087 2716 1172 2769; x_wconf 66' lang='lat'><em>‘²⁰⁸⁰‘</em></span> <span class='ocrx_word' id='word_1_169' title='bbox 1190 2716 1223 2768; x_wconf 63' lang='lat'><em>‘¹⁶</em></span> 
     </span>
     <span class='ocr_line' id='line_1_23' title="bbox 54 2800 1218 2939; baseline -0.004 -27"><span class='ocrx_word' id='word_1_170' title='bbox 54 2873 75 2911; x_wconf 83' lang='lat' dir='ltr'><em>&gt;r</em></span> <span class='ocrx_word' id='word_1_171' title='bbox 90 2849 251 2912; x_wconf 85' lang='lat' dir='ltr'><em>Craterus</em></span> <span class='ocrx_word' id='word_1_172' title='bbox 268 2865 397 2929; x_wconf 86' lang='lat' dir='ltr'><em>quoqne</em></span> <span class='ocrx_word' id='word_1_173' title='bbox 416 2845 577 2926; x_wconf 84' lang='lat' dir='ltr'><em>multique</em></span> <span class='ocrx_word' id='word_1_174' title='bbox 592 2842 674 2920; x_wconf 90' lang='lat' dir='ltr'><em>alii,</em></span> <span class='ocrx_word' id='word_1_175' title='bbox 698 2843 834 2905; x_wconf 87' lang='lat' dir='ltr'><em>obstitit</em></span> <span class='ocrx_word' id='word_1_176' title='bbox 857 2843 1014 2918; x_wconf 77' lang='lat' dir='ltr'><em>[Philon]</em></span> <span class='ocrx_word' id='word_1_177' title='bbox 1035 2867 1073 2908; x_wconf 88' lang='lat' dir='ltr'><em>ot</em></span> <span class='ocrx_word' id='word_1_178' title='bbox 1085 2800 1218 2939; x_wconf 41' lang='lat'><em>3:532&amp;</em></span> 
     </span>
     <span class='ocr_line' id='line_1_24' title="bbox 53 2954 1074 3039; baseline -0.003 -17"><span class='ocrx_word' id='word_1_179' title='bbox 53 2956 265 3039; x_wconf 81' lang='lat' dir='ltr'><em>»perieulum</em></span> <span class='ocrx_word' id='word_1_180' title='bbox 287 2954 374 3016; x_wconf 88' lang='lat' dir='ltr'><em>illud</em></span> <span class='ocrx_word' id='word_1_181' title='bbox 392 2956 549 3017; x_wconf 83' lang='lat' dir='ltr'><em>visendae</em></span> <span class='ocrx_word' id='word_1_182' title='bbox 560 2955 722 3015; x_wconf 80' lang='lat' dir='ltr'><em>nouitatis</em></span> <span class='ocrx_word' id='word_1_183' title='bbox 737 2966 802 3014; x_wconf 87' lang='lat' dir='ltr'><em>non</em></span> <span class='ocrx_word' id='word_1_184' title='bbox 815 2956 956 3034; x_wconf 89' lang='lat' dir='ltr'><em>primum</em></span> <span class='ocrx_word' id='word_1_185' title='bbox 966 2978 987 3015; x_wconf 89' lang='lat' dir='ltr'><em>a</em></span> <span class='ocrx_word' id='word_1_186' title='bbox 998 2976 1074 3036; x_wconf 80' lang='lat' dir='ltr'><em>rege</em></span> 
     </span>
    </p>

    <p class='ocr_par' dir='ltr' id='par_1_12' title="bbox 26 3060 1177 3703">
     <span class='ocr_line' id='line_1_25' title="bbox 26 3060 1076 3157; baseline -0.004 -27"><span class='ocrx_word' id='word_1_187' title='bbox 26 3108 37 3117; x_wconf 92' lang='lat'>-</span> <span class='ocrx_word' id='word_1_188' title='bbox 54 3092 74 3131; x_wconf 81' lang='lat' dir='ltr'><em>&gt;s</em></span> <span class='ocrx_word' id='word_1_189' title='bbox 72 3060 294 3157; x_wconf 78' lang='lat' dir='ltr'><em>faciendum,</em></span> <span class='ocrx_word' id='word_1_190' title='bbox 320 3084 429 3128; x_wconf 76' lang='lat' dir='ltr'><em>oerum</em></span> <span class='ocrx_word' id='word_1_191' title='bbox 444 3086 465 3125; x_wconf 88' lang='lat' dir='ltr'><em>a</em></span> <span class='ocrx_word' id='word_1_192' title='bbox 481 3085 516 3127; x_wconf 90' lang='lat' dir='ltr'><em>se</em></span> <span class='ocrx_word' id='word_1_193' title='bbox 531 3064 628 3125; x_wconf 88' lang='lat' dir='ltr'><em>modo</em></span> <span class='ocrx_word' id='word_1_194' title='bbox 649 3064 780 3148; x_wconf 89' lang='lat' dir='ltr'><em>suisque</em></span> <span class='ocrx_word' id='word_1_195' title='bbox 804 3062 975 3138; x_wconf 79' lang='lat' dir='ltr'><em>similibus,</em></span> <span class='ocrx_word' id='word_1_196' title='bbox 1001 3087 1076 3127; x_wconf 87' lang='lat' dir='ltr'><em>sua·</em></span> 
     </span>
     <span class='ocr_line' id='line_1_26' title="bbox 56 3172 1078 3270; baseline -0.006 -28"><span class='ocrx_word' id='word_1_197' title='bbox 56 3180 163 3241; x_wconf 77' lang='lat' dir='ltr'><em>»dere</em></span> <span class='ocrx_word' id='word_1_198' title='bbox 178 3175 343 3257; x_wconf 85' lang='lat' dir='ltr'><em>persistit.</em></span> <span class='ocrx_word' id='word_1_199' title='bbox 390 3175 525 3270; x_wconf 68' lang='lat' dir='ltr'><em>Quippe</em></span> <span class='ocrx_word' id='word_1_200' title='bbox 544 3174 686 3254; x_wconf 77' lang='lat' dir='ltr'><em>amplius</em></span> <span class='ocrx_word' id='word_1_201' title='bbox 701 3174 893 3256; x_wconf 85' lang='lat' dir='ltr'><em>aliquid-in</em></span> <span class='ocrx_word' id='word_1_202' title='bbox 919 3172 1006 3235; x_wconf 82' lang='lat' dir='ltr'><em>hisee</em></span> <span class='ocrx_word' id='word_1_203' title='bbox 1030 3188 1078 3236; x_wconf 83' lang='lat' dir='ltr'><em>rt·</em></span> 
     </span>
     <span class='ocr_line' id='line_1_27' title="bbox 58 3272 1078 3371; baseline -0.005 -20"><span class='ocrx_word' id='word_1_204' title='bbox 58 3285 241 3370; x_wconf 70' lang='lat' dir='ltr'><em>regionibus</em></span> <span class='ocrx_word' id='word_1_205' title='bbox 257 3272 541 3371; x_wconf 84' lang='lat' dir='ltr'><em>formidandum,</em></span> <span class='ocrx_word' id='word_1_206' title='bbox 567 3288 602 3344; x_wconf 87' lang='lat' dir='ltr'><em>in</em></span> <span class='ocrx_word' id='word_1_207' title='bbox 629 3283 748 3365; x_wconf 84' lang='lat' dir='ltr'><em>quibus</em></span> <span class='ocrx_word' id='word_1_208' title='bbox 773 3286 952 3347; x_wconf 80' lang='lat' dir='ltr'><em>uiderimus</em></span> <span class='ocrx_word' id='word_1_209' title='bbox 976 3284 1078 3346; x_wconf 83' lang='lat' dir='ltr'><em>homi·</em></span> 
     </span>
     <span class='ocr_line' id='line_1_28' title="bbox 61 3384 1077 3482; baseline 0.002 -25"><span class='ocrx_word' id='word_1_210' title='bbox 61 3417 167 3459; x_wconf 78' lang='lat' dir='ltr'><em>»num</em></span> <span class='ocrx_word' id='word_1_211' title='bbox 184 3387 323 3482; x_wconf 84' lang='lat' dir='ltr'><em>formas</em></span> <span class='ocrx_word' id='word_1_212' title='bbox 349 3395 389 3455; x_wconf 89' lang='lat' dir='ltr'><em>de</em></span> <span class='ocrx_word' id='word_1_213' title='bbox 410 3407 585 3473; x_wconf 83' lang='lat' dir='ltr'><em>compectu</em></span> <span class='ocrx_word' id='word_1_214' title='bbox 617 3408 732 3456; x_wconf 89' lang='lat' dir='ltr'><em>nostro</em></span> <span class='ocrx_word' id='word_1_215' title='bbox 751 3384 871 3480; x_wconf 76' lang='lat' dir='ltr'><em>facile</em></span> <span class='ocrx_word' id='word_1_216' title='bbox 901 3399 1077 3461; x_wconf 74' lang='lat' dir='ltr'><em>evanuisse.</em></span> 
     </span>
     <span class='ocr_line' id='line_1_29' title="bbox 62 3497 1078 3590; baseline -0.001 -23"><span class='ocrx_word' id='word_1_217' title='bbox 62 3508 167 3569; x_wconf 77' lang='lat' dir='ltr'><em>»Neu</em></span> <span class='ocrx_word' id='word_1_218' title='bbox 178 3502 300 3590; x_wconf 82' lang='lat' dir='ltr'><em>siquid</em></span> <span class='ocrx_word' id='word_1_219' title='bbox 313 3524 402 3565; x_wconf 84' lang='lat' dir='ltr'><em>secus</em></span> <span class='ocrx_word' id='word_1_220' title='bbox 426 3518 524 3586; x_wconf 87' lang='lat' dir='ltr'><em>atque</em></span> <span class='ocrx_word' id='word_1_221' title='bbox 551 3516 589 3564; x_wconf 92' lang='lat' dir='ltr'><em>ut</em></span> <span class='ocrx_word' id='word_1_222' title='bbox 617 3515 831 3584; x_wconf 78' lang='lat' dir='ltr'><em>speraverant</em></span> <span class='ocrx_word' id='word_1_223' title='bbox 844 3497 881 3552; x_wconf 65' lang='grc' dir='ltr'><em>(Ι)</em></span> <span class='ocrx_word' id='word_1_224' title='bbox 911 3505 1078 3566; x_wconf 87' lang='lat' dir='ltr'><em>incommo-</em></span> 
     </span>
     <span class='ocr_line' id='line_1_30' title="bbox 63 3591 1177 3703; baseline 0.002 -27"><span class='ocrx_word' id='word_1_225' title='bbox 63 3616 230 3687; x_wconf 75' lang='lat' dir='ltr'><em>rederent,</em></span> <span class='ocrx_word' id='word_1_226' title='bbox 254 3617 322 3675; x_wconf 90' lang='lat' dir='ltr'><em>eius</em></span> <span class='ocrx_word' id='word_1_227' title='bbox 338 3591 586 3699; x_wconf 80' lang='lat' dir='ltr'><em>perieulifieret</em></span> <span class='ocrx_word' id='word_1_228' title='bbox 602 3614 643 3673; x_wconf 89' lang='lat' dir='ltr'><em>de</em></span> <span class='ocrx_word' id='word_1_229' title='bbox 659 3632 737 3693; x_wconf 84' lang='lat' dir='ltr'><em>rege</em></span> <span class='ocrx_word' id='word_1_230' title='bbox 756 3606 977 3691; x_wconf 67' lang='lat' dir='ltr'><em>principium,</em></span> <span class='ocrx_word' id='word_1_231' title='bbox 1003 3616 1080 3703; x_wconf 69' lang='lat' dir='ltr'><em>Sese</em></span> <span class='ocrx_word' id='word_1_232' title='bbox 1172 3672 1177 3687; x_wconf 90' lang='grc'>,</span> 
     </span>
    </p>
   </div>
   <div class='ocr_carea' id='block_1_3' title="bbox 58 3882 1103 4022">
    <p class='ocr_par' dir='ltr' id='par_1_13' title="bbox 58 3882 1103 4037">
     <span class='ocr_line' id='line_1_31' title="bbox 87 3882 1103 3946; baseline 0.008 -13"><span class='ocrx_word' id='word_1_233' title='bbox 87 3887 130 3940; x_wconf 81' lang='lat' dir='ltr'><em>(a)</em></span> <span class='ocrx_word' id='word_1_234' title='bbox 149 3889 188 3933; x_wconf 72' lang='lat' dir='ltr'><em>ua</em></span> <span class='ocrx_word' id='word_1_235' title='bbox 204 3887 261 3932; x_wconf 80' lang='lat' dir='ltr'><em>cod.</em></span> <span class='ocrx_word' id='word_1_236' title='bbox 290 3883 324 3937; x_wconf 79' lang='lat' dir='ltr'><em>(b)</em></span> <span class='ocrx_word' id='word_1_237' title='bbox 342 3887 405 3932; x_wconf 75' lang='lat' dir='ltr'><em>cod.</em></span> <span class='ocrx_word' id='word_1_238' title='bbox 427 3896 525 3932; x_wconf 74' lang='lat' dir='ltr'><em>ornem.</em></span> <span class='ocrx_word' id='word_1_239' title='bbox 552 3885 586 3936; x_wconf 86' lang='lat' dir='ltr'><em>(c)</em></span> <span class='ocrx_word' id='word_1_240' title='bbox 612 3882 674 3928; x_wconf 74' lang='lat' dir='ltr'><em>coe.</em></span> <span class='ocrx_word' id='word_1_241' title='bbox 696 3882 801 3931; x_wconf 76' lang='lat' dir='ltr'><em>conditi·</em></span> <span class='ocrx_word' id='word_1_242' title='bbox 837 3885 879 3940; x_wconf 69' lang='lat' dir='ltr'><em>(d)</em></span> <span class='ocrx_word' id='word_1_243' title='bbox 898 3884 1103 3946; x_wconf 50' lang='lat' dir='ltr'><em>cot-primos</em></span> 
     </span>
     <span class='ocr_line' id='line_1_32' title="bbox 58 3956 1078 4022; baseline -0.012 -12"><span class='ocrx_word' id='word_1_244' title='bbox 58 3963 144 4011; x_wconf 75' lang='lat' dir='ltr'><em>risset.</em></span> <span class='ocrx_word' id='word_1_245' title='bbox 171 3961 281 4013; x_wconf 58' lang='lat' dir='ltr'><em>(deod.</em></span> <span class='ocrx_word' id='word_1_246' title='bbox 295 3974 358 4022; x_wconf 81' lang='lat' dir='ltr'><em>eque</em></span> <span class='ocrx_word' id='word_1_247' title='bbox 372 3962 538 4020; x_wconf 71' lang='lat' dir='ltr'><em>incompacta.</em></span> <span class='ocrx_word' id='word_1_248' title='bbox 563 3956 599 4017; x_wconf 62' lang='lat' dir='ltr'><em>U)</em></span> <span class='ocrx_word' id='word_1_249' title='bbox 616 3958 654 4009; x_wconf 62' lang='lat' dir='ltr'><em>tt·</em></span> <span class='ocrx_word' id='word_1_250' title='bbox 670 3957 728 4003; x_wconf 79' lang='lat' dir='ltr'><em>eod.</em></span> <span class='ocrx_word' id='word_1_251' title='bbox 1075 3966 1078 3971; x_wconf 91' lang='lat'>·</span> 
     </span>
    </p>
   </div>
   <div class='ocr_carea' id='block_1_4' title="bbox 0 0 1414 4934">
    <p class='ocr_par' dir='ltr' id='par_1_14' title="bbox 0 0 1414 4934">
     <span class='ocr_line' id='line_1_33' title="bbox 0 0 1414 4934; baseline 0 0"><span class='ocrx_word' id='word_1_252' title='bbox 0 0 1414 4934; x_wconf 95' lang='lat' dir='ltr'><em> </em></span> 
     </span>
    </p>
   </div>
  </div>
 </body>
</html>
