2776 4934
183 397 222 453 an
596 399 774 456 sunonis
834 480 838 487 Ι

183 563 261 622 haec
282 561 496 625 Alexandrum
522 563 642 623 Auctor
663 560 942 647 ‘in'Samiramidos
965 579 1064 650 regna
1084 555 1194 635 ducit,

187 669 322 729 quorum
338 669 372 707 ea
387 662 576 732 tempestate
591 640 776 732 potiebatur
791 643 945 709 candace.
973 646 1040 723 Iam
1055 665 1110 705 res
1121 664 1192 705 cum

186 731 325 793 Candace
340 735 448 820 regina
462 735 599 822 agitatae
613 753 680 793 non
699 732 853 795 modicam
866 733 964 795 buius
976 728 1056 793 libri
1066 742 1193 814 partem

109 816 112 823 ⁴
143 817 153 829 ”
186 819 406 881 constituunt:
429 831 524 901 atque
541 833 579 877 ut
594 817 746 901 quaedam
767 820 801 878 in
818 839 854 879 es
871 818 1051 879 narratione
1067 813 1195 901 langui·

187 904 276 965 diora
290 901 461 978 videntur,
489 903 534 962 ita
549 903 688 964 locorum
704 902 982 986 aedificiorumque
998 899 1195 985 descriptio-

185 1012 242 1049 nes
265 988 455 1048 mirabiliter
467 988 602 1071 placent.
639 988 690 1049 Ab
708 982 753 1050 'eo‘
764 992 867 1078 regno,
881 985 1036 1049 decedent
1054 985 1196 1047 Alexan·

186 1075 241 1137 der
265 1074 408 1133 Deorum
436 1088 569 1156 repente
595 1076 777 1158 praesentia
807 1074 1036 1156 consortioque
1058 1068 1194 1135 fruitiu.

185 1161 313 1233 Dehinc
325 1161 409 1218 inter
426 1159 602 1219 Amazones
618 1160 737 1220 indicas
755 1175 787 1220 et
803 1157 1017 1221 Alexandrum
1030 1156 1197 1225 missitan-

185 1261 239 1306 tur
262 1245 432 1329 epistolae,
466 1242 567 1305 donec
587 1268 656 1305 cum
678 1247 801 1305 martiis
830 1246 881 1306 bis
904 1242 1034 1325 leminis
1055 1240 1197 1301 amicitia

185 1330 363 1413 foedusque
393 1331 544 1390 sancitur.
589 1331 669 1391 Ecce
696 1343 802 1403 autem
827 1346 860 1391 et
880 1327 1073 1390 Aristoteles
1102 1323 1207 1417 brevi,

189 1415 316 1500 quidem
333 1414 388 1475 sed
401 1415 566 1502 magnifica
580 1415 715 1501 epistola
732 1429 839 1477 tantos
856 1414 987 1476 bellicae
1006 1412 1056 1473 rei
1073 1430 1205 1487 uuocem¹

188 1524 242 1562 sus
265 1498 443 1561 Alexandro
472 1502 660 1588 gratulatur.
691 1494 874 1585 Numquam
897 1498 1072 1561 verborum
1099 1490 1208 1583 egent¹

188 1588 333 1655 Valerius
357 1585 512 1670 prolixam
534 1589 613 1649 item
631 1587 799 1671 epistolam
817 1583 990 1647 Alexandri
1009 1580 1051 1642 ad
1066 1596 1198 1645 matrem

188 1672 458 1747 comminiscitur,
481 1671 547 1756 qud
566 1695 637 1758 pars
657 1673 779 1756 reliqua
800 1674 869 1732 eius
888 1671 1040 1730 itinerum
1060 1665 1101 1728 ad
1113 1666 1197 1727 Her-

188 1758 267 1822 culis
288 1779 398 1841 nempe
422 1756 597 1834 columnas,
620 1758 659 1819 ad
674 1760 850 1818 Amazones
872 1755 1036 1841 ponticas,
1058 1749 1100 1814 ad
1115 1754 1198 1813 Tro·

189 1843 356 1932 glodyras,
379 1840 418 1901 ad
439 1843 550 1904 urbem
573 1845 670 1917 solis,
692 1842 731 1901 ad
756 1842 903 1917 Tanaim,
926 1838 965 1900 ad
985 1839 1105 1899 Xerxis
1129 1834 1197 1919 Gy-

188 1931 259 1989 rive
280 1947 376 2012 regna
392 1926 616 2008 perscribitur..
653 1930 736 1986 Tum
750 1927 875 1986 demum
891 1921 1073 1986 Alexandro
1092 1922 1198 2005 Baby·

188 2016 294 2075 lonem
315 2031 465 2088 reverso,
495 2009 534 2070 ad
554 2025 688 2072 mortem
706 2011 776 2070 eius
796 2012 913 2100 tragice
937 2008 1130 2092 sublateque
1149 2006 1196 2069 di·

189 2094 320 2161 cendam
333 2080 561 2179 tetri'portenti
579 2112 728 2180 apparatu
745 2099 829 2159 viam
842 2095 907 2156 sibi
924 2096 1028 2184 mpnit
1037 2093 1196 2157 Valerius.

192 2182 263 2265 Qua
286 2180 380 2239 etiarn
401 2181 582 2241 narratione
604 2194 748 2265 peracta„
777 2202 893 2265 corpus
909 2177 1084 2241 Alexandri
1108 2178 1197 2243 hri·

191 2266 317 2327 monitu
342 2263 377 2321 in
391 2267 574 2354 Aegyptum
597 2264 777 2347 vehendum
798 2281 904 2327 curata
936 2287 1000 2349 quo
1021 2266 1199 2341 tumulat,

190 2363 416 2413 testamentum
438 2373 566 2435 quoque
587 2349 760 2413 Alexandri
800 2350 917 2428 refert,
939 2352 1030 2413 cuius
1046 2352 1199 2413 nimitum

193 2455 304 2500 tenore
326 2438 424 2499 moles
450 2436 503 2497 illa
523 2439 658 2497 maxima
688 2374 880 2500 macedonici
901 2436 1030 2521 imperii
1051 2439 1089 2497 in
1108 2456 1198 2521 prae·

193 2524 328 2586 lecturas
358 2537 390 2581 et
412 2545 508 2583 rerna
535 2521 658 2583 tributa
679 2537 741 2584 est.
791 2522 843 2584 Ad
870 2537 1046 2583 extremum
1068 2520 1200 2589 delinita

196 2623 298 2670 aetate
318 2550 510 2684 Alexandri,
533 2609 706 2669 numeratis
727 2609 823 2671 victis
844 2608 973 2693 populis
997 2605 1138 2669 urbibus

190 2693 236 2755 ⁴ab
253 2715 289 2753 eo
308 2690 456 2771 conditis,
478 2693 685 2778 eiusdemque
699 2693 804 2755 mnus
821 2693 975 2755 memorii
989 2628 1199 2755 Alexenffi

53 2838 57 2845 ,
198 2777 342 2843 dedicata
356 2779 594 2863 copiosissimae
609 2780 764 2840 historiae
775 2781 922 2843 Valerius
936 2779 1032 2841 finem
1046 2779 1212 2865 imponit..

66 2866 187 2921 Historia
261 2863 319 2927 VI.
336 2867 400 2925 Tot
412 2879 562 2947 tantaque
577 2864 680 2924 Iulius
689 2865 835 2927 Valerius
848 2888 946 2948 quum
962 2865 997 2922 in
1009 2881 1103 2923 suum
1120 2884 1201 2951 opus

23 2952 89 3004 haee
108 2969 186 3023 saepe
199 2950 363 3025 intulerit,
386 2953 458 3033 quis
478 2948 605 3008 dubitet
622 2949 707 3010 bunc
728 2973 855 3035 quoque
873 2949 1062 3009 historicum
1079 2952 1202 3032 optime

24 3038 152 3092 fabulosa·
198 3038 346 3096 meritum
366 3056 434 3093 esse
452 3034 490 3093 de
506 3032 681 3094 Alexandri
697 3038 824 3097 nomine
836 3056 872 3096 ac
887 3032 919 3093 di
943 3029 1067 3093 nitate?
1082 3034 1117 3093 N
1119 3054 1203 3097 onus

200 3125 285 3183 enim
308 3140 403 3202 saepe
421 3118 549 3179 videtur
562 3135 692 3181 ornatus
713 3120 826 3182 iisdem
847 3056 1080 3183 fereiaudihus
1102 3134 1202 3206 atque

200 3204 354 3268 Curtius?
377 3201 440 3263 Sed
456 3225 520 3264 uno
535 3208 669 3266 maxime
682 3208 766 3273 vitio
773 3207 920 3271 Valerius
933 3205 1098 3290 premitur,
1112 3204 1203 3289 quod

199 3290 307 3354 multis
337 3289 558 3378 figmentorum
583 3293 732 3380 vestigiis
761 3316 858 3367 suarna
871 3291 1037 3353 historiam
1066 3291 1111 3349 im
1138 3314 1204 3353 res·

200 3380 254 3437 sit.
284 3374 357 3434 Etsi
373 3389 478 3435 autem
493 3396 533 3435 ne
549 3398 664 3476 graves.
680 3378 809 3461 quidem
822 3376 969 3438 historici
989 3312 1203 3457 (Herodotus

199 3460 335 3544 exempli
350 3481 441 3521 causa
454 3461 507 3523 vel
520 3462 665 3547 Plinius)
688 3465 744 3524 hac
756 3462 967 3535 labe'carent3
991 3461 1054 3520 etsi
1070 3460 1204 3544 Diony-

200 3549 266 3607 sius
290 3546 544 3608 Halicarnasseus
559 3550 596 3600 (¹)
617 3549 787 3633 plerosque
812 3539 981 3606 historicos
1011 3547 1204 3631 antiquissi-

198 3655 266 3693 mos
284 3634 319 3693 in
336 3654 432 3716 perra
454 3634 514 3692 atis
525 3630 703 3695 fabularum
714 3634 808 3722 nugis
825 3631 954 3714 impune
971 3647 1114 3694 versatos
1133 3655 1206 3695 esse

199 3718 384 3794 tradiderit3
415 3655 512 3803 idque
534 3734 566 3779 et
589 3719 739 3803 quaedam
763 3731 910 3801 excerpta
931 3732 1095 3777 auctorum
1112 3740 1208 3803 prae·

245 3980 292 4060 (ι)
313 3985 448 4041 rumim
463 3986 499 4039 ao
512 3982 680 4053 rausyaran
694 3961 811 4037 'irarum
824 3990 900 4053 app.
922 3998 951 4037 r.
966 3996 994 4037 er
1009 3996 1051 4040 n.

383 4172 392 4215 l
