2776 4934
113 391 175 453 230
394 381 662 449 ALEXANDRI
683 382 839 446 oultvs

112 560 268 633 minime
305 555 650 651 aspernatumn1(¹).
690 554 734 626 Id
764 552 945 625 barbarus
983 552 1069 625 sibi
1105 553 1153 622 li·

112 684 217 757 bentl
241 682 327 755 satis
353 679 483 752 offerri
508 678 717 776 profitetur,
745 677 1036 777 adquiescitque
1061 703 1153 749 con·

115 810 257 882 ditione
289 831 399 901 quam
423 806 626 879 Alexander
655 807 806 878 fecerat:
850 804 1006 877 scilicet
1042 804 1155 897 aesti-

115 933 273 1008 mationi
298 929 486 1002 barbarica
513 931 558 1002 de
577 931 689 1004 modo
707 956 907 1027 corporum
921 955 1156 1004 mensuram

116 1062 255 1135 virium
280 1057 452 1138 metiens,
490 1082 575 1128 eum
600 1083 638 1129 se
664 1056 942 1154 proceritudine
971 1056 1156 1152 corporis

119 1203 157 1259 et
181 1201 300 1257 cetera
325 1180 588 1281 magnitudinis
613 1184 850 1282 congruentia
868 1184 990 1280 longe
1010 1182 1158 1253 distare

119 1311 166 1383 ab
193 1309 389 1406 exiguitate
419 1306 615 1382 Alexandri
647 1308 894 1404 pervideret,
912 1310 1003 1405 ipse
1040 1310 1155 1405 quin·

121 1463 193 1533 que
226 1435 344 1504 ferme
386 1430 519 1504 cubitis
552 1436 730 1517 evectior,
764 1461 850 1507 cum
885 1432 1157 1507 Alexandrum

121 1563 187 1660 qui
213 1559 408 1631 visitavere
431 1557 495 1627 vix
519 1558 637 1630 tribus
670 1534 803 1632 cubitis
833 1559 1155 1632 numeravissent

197 1690 294 1757 XllI.
327 1689 406 1753 Hac
437 1684 552 1784 igitur
582 1687 809 1785 arrogantiae
845 1712 910 1783 spe
945 1710 1043 1757 cum
1075 1683 1154 1755 dies

123 1813 260 1910 pariter
286 1828 322 1882 et
347 1812 449 1882 locus
474 1811 616 1905 proelio
650 1812 871 1884 constitisset
888 1809 927 1862 (θ)
969 1808 1154 1905 fieretque

124 1962 245 2034 pugna
267 1937 415 2033 regalis,
442 1935 615 2031 primitus
641 1936 792 2032 quidem
817 1960 952 2031 anceps
982 1935 1052 2007 diu
1078 1934 1152 2008 for·

124 2080 214 2132 tuna
239 2059 462 2132 bellantibus
486 2058 696 2146 videbatur,
733 2087 809 2133 non
834 2061 963 2132 minus
995 2063 1149 2135 Alexan·

5 2236 49 2271 rus
65 2186 191 2275 &dre
217 2206 362 2279 tempus
388 2182 597 2255 incursandi
622 2187 796 2270 rimante,
834 2211 951 2283 quant
972 2192 1072 2285 ¹Iu'oro
1087 2188 1141 2259 lo·

1 2307 96 2359 uitur.
124 2333 212 2383 cum
236 2310 397 2381 vulneris
424 2308 639 2381 declinante.
690 2309 759 2382 Sed
797 2336 884 2383 cum
915 2313 1021 2387 forte
1047 2309 1136 2409 apud

127 2438 238 2511 Indos
272 2462 317 2506 ex
356 2433 514 2531 quadam
556 2436 746 2530 repentina
780 2439 1032 2512 conversione
1061 2437 1140 2511 Pori

130 2565 303 2661 strepitus
329 2578 366 2634 et
391 2561 634 2634 conclamatio
663 2563 855 2646 extitisset,
880 2568 1145 2663 avertissetque

44 2763 47 2769 ,
131 2714 172 2761 os
199 2711 272 2783 quo
299 2711 444 2757 causam
467 2692 581 2760 Porus
610 2687 713 2759 illius
739 2689 912 2785 strepitus
953 2693 1149 2792 cognovis-

129 2829 202 2890 set,
230 2812 371 2881 involat
394 2812 600 2897 Alexander
631 2830 739 2909 atque
773 2814 850 2885 eius
873 2815 1045 2914 {inguina
1079 2818 1152 2890 telo

130 2934 298 3005 cominus
309 2935 349 2984 (α)
377 2937 557 3036 transfigit
581 2966 740 3037 eumque
763 2941 978 3045 prosternit.
998 2949 1086 3017 Hac
1102 2946 1156 3015 in·

128 3130 1163 3161 Μ

106 3232 110 3238 ·
156 3221 200 3274 (a)
218 3221 279 3269 God.
298 3225 391 3271 minus.

131 3354 1165 3393 -·--——-—-—--—-—-—---.

177 3453 222 3523 (1)
245 3461 350 3529 Nempe
369 3458 563 3513 Alexandrum.

179 3535 225 3612 (2)
250 3545 316 3595 Cod.
339 3546 516 3609 contraisset,
539 3565 605 3601 mox
618 3547 721 3599 factum
744 3550 910 3603 constitisset.
938 3552 1000 3606 Iam
1027 3569 1058 3610 et
1083 3557 1157 3629 apud

137 3627 304 3680 Frontonem
321 3630 354 3681 de
369 3631 442 3701 Nep.
462 3650 513 3683 am.
539 3634 573 3685 ed
590 3634 701 3686 mediol.
718 3653 745 3704 p.
772 3645 829 3687 207.
851 3636 952 3706 legitur
971 3646 1157 3709 consteruit,

139 3709 211 3783 quod
227 3711 337 3780 quidem
350 3717 474 3768 nonnulli
493 3718 566 3773 haud
592 3721 706 3773 fortasse
730 3721 843 3772 absurde
869 3722 1008 3778 malebant
1033 3730 1155 3781 scribere

139 3806 259 3859 constet,
281 3798 350 3855 ανῆ,-
379 3802 426 3852 sed
454 3814 542 3856 tamen
572 3818 598 3856 et
620 3806 650 3857 in
673 3804 764 3858 codice
791 3806 967 3861 frontoniano
989 3810 1157 3886 interpungi

138 3880 247 3932 videtur
264 3893 324 3948 post
343 3889 512 3951 consecteris,
534 3902 559 3941 at
572 3890 648 3960 prior
668 3893 699 3942 ·1·
718 3890 820 3942 Valerii
843 3893 974 3964 scriptura
995 3913 1060 3951 rem
1085 3918 1154 3973 ‹pno-

140 3964 285 4015 dammodo
303 3968 451 4023 confirmat.
