2776 4934
509 474 587 537 SEV
605 471 738 545 muna
756 466 814 535 lli.
859 462 862 467 ¹
1113 473 1173 534 233

380 548 410 587 2,

163 650 235 722 iter
263 672 373 719 suum
408 644 544 744 dirigit.
588 652 674 715 Non
706 642 812 714 illam
848 642 995 738 quidem
1026 660 1174 745 gentem

165 773 350 844 hosticam
376 770 579 840 incursatur
593 770 631 821 (¹)
657 778 798 864 (neque
830 770 931 840 enim
957 770 1032 840 illis
1055 770 1175 840 studia

164 898 489 989 suntarmorum)
513 895 576 966 sed
603 895 700 991 quod
733 893 876 967 celebre
901 914 1009 977 esset,
1043 892 1194 977 Indos,¹

166 1048 258 1116 quos
285 1021 603 1119 gymnosophistas
622 1022 825 1116 appellant,
860 1021 958 1093 hisce
990 1014 1032 1090 iii
1066 1019 1177 1113 parti·

164 1147 234 1216 bus
258 1146 410 1228 versari,
437 1171 551 1241 opum
578 1146 728 1241 quidem
754 1148 924 1219 omnium
940 1164 977 1217 et
1002 1145 1177 1238 cuiusque
1241 1236 1245 1253 Ι

168 1268 285 1366 pretii
303 1273 552 1369 neglegentes,
578 1273 665 1357 solis
691 1297 778 1344 vero
801 1271 1016 1344 diversoriis
1039 1270 1179 1363 sapien·

168 1395 320 1478 tissimi,
356 1421 449 1490 quae
488 1397 595 1467 humi
628 1423 741 1469 manu
775 1397 996 1468 exhauriunt
1007 1393 1048 1443 Ψ)
1074 1391 1179 1462 aditi·

167 1521 234 1591 bus
258 1539 491 1620 perangusta,
519 1523 705 1596 enimvero
731 1523 855 1595 subter
879 1520 1072 1618 capacibus
1102 1543 1180 1614 spa·

170 1648 282 1729 ciata,
309 1644 411 1740 quod
440 1645 481 1715 id
504 1670 617 1744 genus
643 1649 787 1720 aedium
809 1674 926 1744 neque
951 1647 1061 1743 pretii
1086 1645 1182 1717 scili-

169 1791 228 1844 cet
261 1766 455 1871 indigens,
484 1789 521 1842 et
553 1771 598 1841 ad
630 1769 857 1870 flagrantiam
889 1774 976 1844 solis
1008 1771 1182 1867 aestivam

170 1899 289 1994 aptius
307 1891 343 1949 (b)
368 1895 558 1974 habeatur.
608 1898 639 1966 Ii
670 1898 785 1995 igitur
818 1922 903 1967 cum
936 1897 1183 1992 conperissent

171 2021 419 2096 Alexandrum
445 2023 491 2094 ad
515 2050 590 2096 sese
617 2021 853 2102 contendere,
881 2025 1055 2117 primates
1082 2045 1183 2102 suos,

172 2174 265 2244 quos
301 2148 442 2219 scilicet
475 2175 496 2220 a
534 2152 734 2245 sapientiae
766 2146 879 2218 modo
915 2164 1079 2230 censent,
1119 2144 1186 2216 ob·

169 2276 269 2344 viare
295 2274 507 2346 adventanti
520 2275 651 2346 iubent
663 2299 748 2344 cum
760 2273 890 2344 litteris
905 2271 1179 2371 huiuscemodi:

247 2403 359 2470 XVII.
400 2398 753 2494 ,Gymnosophistae
787 2396 1026 2471 Brdchmanes
1043 2398 1078 2449 <⁶³
1102 2398 1183 2468 Ale·
1219 2389 1348 2458 Gymno-

1203 2476 1337 2547 sophista-

171 2522 336 2607 „xandro
363 2523 509 2625 homini
535 2521 672 2593 dicunt.
710 2524 749 2595 si
774 2524 894 2594 tendis
918 2522 964 2593 ad
988 2510 1056 2595 niis
1080 2545 1185 2614 proe·
1203 2578 1264 2613 rum
1288 2561 1337 2612 fit.

170 2698 186 2734 „
198 2653 369 2732 licturus,
395 2652 523 2744 utique
548 2649 619 2720 tibi
643 2651 876 2744 propositum
909 2666 964 2718 est
999 2646 1089 2742 quid
1120 2671 1186 2715 no·
1207 2658 1280 2697 “³1³0
1302 2645 1337 2698 ἃᾶ

171 2777 254 2861 ,bis
288 2773 439 2858 afferas,
480 2774 591 2846 habes
623 2799 735 2868 porro
771 2773 869 2868 quod
903 2773 1044 2845 auferas
1075 2771 1183 2842 nihil.
1204 2730 1328 2870 ‘33⁰'

170 2902 258 2986 ,sin
284 2900 497 2994 veroztenis
521 2919 564 2972 ut
589 2900 704 2973 discas
719 2874 867 2995 *quasa
905 2899 1012 2972 nobis
1046 2899 1187 2969 scilicet

170 3027 284 3112 ,sciri
310 3043 459 3120 queant,
486 3026 591 3099 nulla
612 3032 670 3109 sest
693 3026 908 3097 invidentia.
923 3004 1107 3097 ”“Ἐῑεηίηι
1132 3049 1186 3095 ar·

172 3152 383 3236 ,bitramur
407 3151 504 3222 inter
533 3153 640 3223 hasce
670 3152 838 3222 scientias
870 3171 1010 3225 nostras
1042 3175 1187 3224 cainam

176 3276 402 3362 ,discordiae
426 3277 606 3370 positam3
641 3304 727 3348 curn
751 3278 823 3349 tibi
850 3282 965 3351 amica
997 3305 1053 3351 res
1083 3298 1188 3373 proe-

180 3404 293 3486 ,lium
330 3400 438 3474 nobis
477 3429 564 3474 vero
598 3406 832 3502 philo'aophia
866 3422 1069 3478 noscatur«.
1120 3402 1188 3473 His

179 3531 284 3601 lectis
308 3527 509 3603 Alexander
539 3529 732 3626 pacificum
765 3533 838 3604 iter
870 3557 975 3631 agere
1007 3529 1186 3604 decrevit:

206 3783 248 3835 (a)
266 3782 492 3835 caussatorem.
519 3782 555 3839 (d)
574 3787 638 3831 cod.
655 3786 775 3843 mitius.
804 3785 838 3836 (c)
856 3783 919 3831 eod.
938 3783 1129 3845 Drapnamn.

224 3972 270 4049 (t)
291 3978 362 4028 Nota
379 3976 526 4029 incursatur
543 3978 631 4033 forma
653 3979 817 4052 deponenti,
839 3998 921 4053 quum
944 3980 990 4037 iib-
1014 3984 1038 4038 Ι.
1063 3999 1122 4050 cap.
1141 3992 1186 4031 VI·

177 4065 212 4115 sit
230 4063 372 4134 passivum
391 4062 510 4114 verbum.
