2776 4934
476 411 479 415 ’
473 410 620 474 sEv
636 406 825 480 mauult
871 422 880 451 ¹
1130 422 1213 565 ιιι,

178 598 221 653 ut
245 580 320 654 illis
346 581 515 689 officium
539 584 613 656 tale
647 609 725 658 non
750 584 1028 686 dedignantibus
1067 592 1187 677 lieret,

176 705 320 800 primus
344 708 425 803 ipse
449 734 550 782 onus
565 692 717 785 feretri
724 709 850 781 subiit.
889 719 972 811 Quo
997 717 1077 790 viso
1103 739 1189 789 cun·
1212 687 1216 694 ¹

171 833 227 902 cti
263 857 411 926 quoque
440 834 537 906 illud
568 854 630 939 ¹¹¹⁸.
655 837 755 931 privi
788 837 993 911 maximum
1025 844 1189 916 testimo-

172 957 281 1026 nium
322 958 576 1054 conpetebant.
592 986 610 1053 j
633 962 795 1034 Infertur
815 964 947 1062 “igitur
986 967 1189 1062 sepulchris

174 1082 359 1169 maiorum
382 1086 554 1158 omnium
585 1105 679 1185 tum·
701 1089 855 1158 Darius:
872 1112 929 1160 ac
961 1062 1073 1187 paulo
1104 1109 1190 1187 post

174 1205 279 1277 aedes
311 1207 383 1302 ipsi
420 1213 675 1309 templumque
709 1213 956 1284 construitur:
991 1234 1028 1286 et
1050 1217 1092 1273 (a),
1128 1216 1190 1291 lex
1232 1208 1235 1223 ¹

176 1329 229 1400 dii
259 1333 502 1433 religiosaque
535 1318 781 1432 solempnitas
809 1337 919 1409 datur
952 1332 1057 1410 mare
1087 1366 1189 1436 prae·
1227 1333 1233 1346 ’

174 1458 310 1556 scripto
340 1461 398 1531 uti
422 1460 499 1534 dies
532 1464 598 1536 ille
628 1489 767 1545 annuus
795 1464 919 1536 >Persis
951 1462 1190 1535 celebratissi-

172 1609 254 1662 mus
274 1583 401 1668 fieret,
434 1609 509 1659 non
543 1590 652 1661 sacris
685 1562 799 1662 modo
832 1607 869 1660 ει
900 1589 1046 1659 laeticia
1063 1574 1190 1660 'homi-

171 1708 335 1807 nuinque
360 1707 654 1834 congregandi),
680 1711 810 1784 verum
835 1715 1050 1809 spectaculis
1077 1715 1189 1785 etiam

169 1836 280 1930 'atque
306 1842 521 1939 certamine,
548 1854 631 1909 tum
657 1837 702 1908 ad
714 1837 959 1935 dulcedinem
975 1824 1119 1930 aurium
1133 1865 1190 1910 so·

172 1959 251 2032 litis
270 1966 459 2062 procurari
484 1981 567 2045 tum
584 1962 629 2033 ad
648 1962 931 2035 delectationis
920 1964 956 2019 (⁹)
984 1964 1290 2038 oculorum..

170 2092 268 2157 Nam
302 2107 341 2158 et
373 2088 591 2161 fortitudine
626 2082 892 2159 decertantibus
914 2108 963 2160 et
997 2090 1188 2182 voluptate

171 2237 234 2284 sua
260 2213 395 2308 cuique
417 2214 579 2309 praemia
608 2231 644 2284 et
667 2215 827 2286 honores
853 2194 993 2285 annuos
1018 2214 1160 2285 statuit.
1219 2199 1223 2207 ’

169 2368 172 2372 ·
244 2342 441 2409 XXXVIII.
474 2344 632 2434 Postque
657 2340 763 2425 haec,
791 2337 891 2432 quod
916 2364 960 2409 ex
980 2337 1124 2408 1ncert0
1134 2364 1188 2408 re
1215 2353 1342 2429 Alexan

168 2464 250 2560 giae
275 2461 504 2573 incitationis
529 2462 638 2532 multi
672 2462 823 2532 victoris
858 2463 1024 2567 animum
1059 2458 1187 2530 formi·
1201 2439 1243 2490 ‘³¹¹
1282 2433 1341 2486 “h'

170 2589 338 2672 darent,
346 2609 463 2680 eoque
486 2584 586 2684 vagis
611 2581 813 2654 terroribus
839 2583 1086 2701 agitarentur,
1114 2608 1207 2676 quo
1199 2519 1343 2676 ιῗιιιιιι

171 2730 392 2784 cunctorum
424 2709 576 2781 animos
614 2709 803 2790 deliniret,
850 2707 1012 2802 adicit
1001 2733 1056 2775 m
1074 2702 1333 2832 verbazffiu

169 2861 333 2932 quorum
373 2835 554 2907 sententia
594 2836 682 2905 haec
716 2832 818 2906 fuit..
850 2839 949 2916 „Rex
981 2833 1185 2905 Alexander
1232 2842 1248 2886 ἱ

167 2961 413 3049 „Hammonis
438 2979 475 3031 et
500 2960 728 3058 Olympiadis
754 2960 850 3033 lilius
876 2958 995 3064 Persis
1007 2957 1105 3030 dicit.
1131 2966 1184 3033 Ea

166 3088 339 3186 „quidem
366 3094 458 3183 quae
481 3087 562 3159 iure
585 3087 678 3162 belli
693 3104 873 3160 transacta
898 3086 1002 3169 sunt,
1033 3084 1181 3157 nullum

167 3212 360 3310 „profecto
384 3212 608 3308 sapientium
632 3233 723 3311 puto
748 3214 878 3310 procul
903 3207 1094 3284 meritam
1115 3222 1181 3306 pu·-¹

169 3357 366 3421 „taturum
398 3341 547 3410 Etenim
573 3342 641 3412 ista
667 3343 845 3412 sententia
878 3358 950 3422 est,
986 3363 1096 3434 quam
1121 3364 1180 3409 ex·

170 3465 296 3558 „sequi
319 3464 540 3537 mortalibus
571 3463 618 3537 sit
642 3490 795 3539 necesse.
838 3471 955 3562 Quare
988 3489 1096 3559 super
1120 3465 1177 3534 his

170 3587 343 3681 „quidem
367 3590 486 3662 habeo
516 3574 648 3691 gratias
679 3583 898 3662 favisoribus
923 3591 1027 3662 meis.
1047 3590 1180 3663 'Enim‘

167 3737 291 3795 „nunc
324 3716 500 3810 quoniam
534 3743 601 3789 vos
634 3741 782 3812 quoque
816 3704 939 3788 nostra
981 3741 1062 3786 cura
1100 3741 1176 3786 esse

1047 3873 1169 3887 ..m

189 3955 231 4007 (ιι)
249 3951 313 3999 cod.
331 3962 368 3998 ue.
392 3949 427 4007 (b)
442 3953 503 3999 coc.
521 3964 697 4016 congregatus.
733 3956 767 4008 (c)
784 3960 820 4003 ιιι
836 3955 893 4001 cod.
912 3966 959 4012 pra
983 3951 1170 4003 delectationes·

164 4031 205 4081 (d)
223 4027 285 4076 Coti.
300 4026 390 4109 procul
403 4031 550 4077 aremorico.
