2776 4934
424 409 694 475 ALEXANDRI
851 424 856 429 '
1009 436 1011 441 ·
1026 413 1067 473 25

129 584 192 657 IX.
229 582 377 678 Quippe·
406 579 613 654 Alexandro
646 580 705 653 illi
742 583 892 656 interim
926 581 979 654 sic
1012 598 1069 653 ae·

54 708 231 804 quabere:
267 732 420 807 magnus
445 709 511 778 ille
536 707 773 805 cognomine,
811 682 855 787 tu
878 734 967 781 vero
993 731 1069 779 rnn-

51 834 145 903 ximi
162 832 202 884 (¹)
229 831 342 904 lilius:
371 833 498 905 eadem
523 831 600 904 fere
625 850 732 904 natus
751 852 869 906 terrae
894 834 963 905 sub
988 859 1070 930 par·

52 975 91 1029 te
104 958 160 1043 ¹²),
188 957 317 1030 eodem
343 977 452 1055 atque
476 958 541 1029 ille
554 955 595 1007 (a)
621 956 721 1029 ducis
748 960 967 1030 exercitum:
1001 932 1082 1031 nu:

52 1108 160 1155 mero
183 1085 347 1156 militurn
371 1109 457 1182 par,
481 1083 545 1156 sed
563 1083 699 1154 melior
718 1062 886 1156 examine
902 1083 960 1156 (ωε
988 1109 1070 1156 ean·

54 1205 142 1279 dem
168 1211 310 1284 ulturus
336 1212 511 1282 iniuriam
535 1235 591 1294 es,
618 1208 682 1311 sed
704 1208 861 1306 disparis·
883 1229 1071 1285 contume-

53 1332 128 1405 liae
143 1336 192 1406 (41
368 1314 381 1339 ⁵
450 1310 453 1316 ⁶

130 1464 174 1528 X.
211 1467 267 1530 Ex
300 1486 373 1556 quo
415 1462 495 1533 iure
531 1477 617 1533 sane
663 1465 711 1534 sit
743 1462 1097 1560 praesumendum„

55 1583 157 1677 quod
187 1588 334 1679 aequali
359 1591 484 1658 omine
520 1589 682 1658 militans
707 1590 787 1683 pari
821 1589 966 1684 potiare
987 1588 1075 1666 vfor·

58 1704 166 1777 trina:
208 1711 384 1781 hactenus
426 1688 544 1781 socius
585 1715 775 1806 exemplo,
812 1732 975 1783 ceterum
1006 1722 1091 1808 pro'

57 1845 61 1849 ⁵
83 1879 124 1934 (a)
141 1882 205 1928 cod·
222 1883 293 1930 inde.

50 2024 129 2091 (tib.
147 2042 203 2078 vtr.
228 2027 291 2096 28).
326 2030 384 2081 Iam
404 2048 466 2081 cum
488 2029 604 2080 Arriano
623 2028 652 2079 in
672 2029 808 2100 plerisque
816 2066 825 2092 ‚
848 2028 950 2080 utiam
966 2029 1072 2092 monui,

59 2111 194 2164 consentit
217 2113 331 2164 latinum
349 2115 529 2167 Itinerarium.
572 2115 659 2183 Ergo.
685 2113 738 2166 nisi
756 2115 857 2166 Auctor
881 2114 977 2165 latiore
1004 2134 1073 2185 quo-

59 2199 124 2250 dam
139 2198 240 2261 calculo
256 2199 360 2264 utitur,
380 2203 432 2252 lroc
445 2200 576 2269 scriptum
588 2199 647 2270 ipso
664 2218 735 2252 anno
750 2215 889 2253 cccxxnr.
905 2200 1071 2253 elaboratum

61 2296 118 2348 est,
146 2284 192 2355 qui
210 2284 264 2336 fuit
282 2287 413 2338 secundus
437 2303 517 2356 supra
536 2286 707 2355 trigesimum
727 2285 887 2338 Constantii.

104 2365 150 2439 (1)
174 2368 302 2422 Maximi
319 2371 428 2424 titulum
444 2371 620 2443 Constantino
635 2365 707 2443 patri
721 2370 845 2424 additum
862 2370 891 2423 in
908 2371 1025 2424 nummis
1039 2381 1072 2423 'et

60 2456 241 2508 marmoribus
257 2455 352 2509 videre
370 2471 421 2510 est.
835 2517 839 2523 ‚

107 2541 152 2612 (2)
175 2542 347 2594 Constantius
365 2544 394 2594 in
410 2544 521 2611 Illyrico
534 2554 614 2595 natus
629 2555 678 2607 est,
699 2555 768 2596 teste
784 2541 890 2594 Iuliano
908 2542 975 2612 imp.
994 2534 1073 2596 ost.

63 2645 91 2694 p·
111 2634 134 2678 5.
161 2628 196 2680 D.
214 2627 369 2678 Alexander
386 2628 477 2680 Pellae
498 2629 527 2678 in
544 2627 710 2687 Macedonia.
1043 2630 1049 2638 '

108 2709 153 2779 (ὅ)
176 2711 334 2764 Constantio
357 2712 387 2763 in
405 2713 538 2764 divisione
559 2712 669 2780 imperii
688 2724 792 2780 partem
808 2712 970 2763 militaribus
989 2710 1075 2781 copiis

62 2796 180 2861 suininre
195 2795 375 2846 abundantem
391 2796 529 2866 obtigisse,
545 2796 593 2846 sed
610 2806 701 2846 tamen
718 2796 818 2847 tirones
835 2797 867 2847 ab
883 2797 978 2876 eodem
997 2814 1076 2866 egre-

65 2880 113 2951 gie
128 2881 260 2931 formatos
276 2881 313 2931 ait
327 2881 446 2934 Iulianus
464 2899 503 2934 or.
519 2883 541 2932 Ι.
564 2899 591 2950 Ρ.
608 2886 650 2930 ts.
673 2882 747 2951 csp.
768 2887 810 2932 21.
835 2881 864 2932 C.

110 2964 156 3035 (4)
179 2967 335 3018 Alexander
358 2968 459 3018 bellurn
484 2965 573 3020 Persis
597 2964 690 3036 intulit
711 2979 741 3017 ut
764 2967 862 3018 horum
887 2965 917 3017 in
935 2964 1077 3018 Graeciam

64 3065 170 3106 veteres
188 3052 350 3121 irruptiones
367 3065 447 3123 atque
462 3052 573 3104 insidias
590 3069 655 3123 quas
671 3052 756 3104 iidem
770 3054 867 3106 Persae
883 3050 1011 3122 Philippo
1028 3068 1078 3121 pa-

64 3139 101 3190 tri
124 3137 261 3190 faciendas
285 3151 441 3190 curaverant
464 3139 638 3190 ulcisceretur
661 3137 855 3207 (Arr.11.tt.
877 3139 952 3191 Curt.
972 3152 1015 3188 1v.
1034 3134 1076 3205 1)-

56 3223 94 3279 Ἀ
108 3222 270 3278 Constantio
284 3223 435 3276 Metrodori
452 3223 600 3276 mendaciis
617 3224 803 3296 acquiescente
820 3222 922 3274 bellum
938 3222 1074 3293 persicum

67 3322 220 3381 susceptum
232 3309 382 3362 narravisse
398 3329 427 3362 se
443 3309 510 3362 dicit
525 3309 779 3363 Ammianus'xxv.
794 3312 820 3364 t.
844 3309 897 3364 Sed
910 3304 972 3360 eum
986 3309 1077 3362 lacum

72 3395 209 3448 Ammiani
236 3395 406 3465 deperditum
431 3407 537 3465 reparat
564 3395 700 3449 Cedrenus
727 3394 761 3446 ad
787 3395 959 3447 Constantini
984 3392 1078 3464 magni

72 3495 172 3533 annum
188 3495 258 3533 xxr.
279 3477 416 3534 Niinirum
433 3480 606 3534 Metrodorus
627 3481 737 3555 quidem
750 3480 928 3550 philosophus
943 3479 977 3530 ad
994 3479 1075 3533 Indos

56 3573 60 3584 ’
76 3566 256 3638 peregrinatus
269 3567 372 3637 lapides
384 3567 516 3637 pretiosos
534 3567 598 3619 inde
615 3567 708 3618 retulit
723 3567 757 3618 ad
774 3565 988 3629 Constantinum,
1004 3566 1075 3617 falso

75 3661 184 3702 testatus
199 3652 388 3724 multoplures
405 3652 455 3704 sibi
473 3653 505 3704 ab
522 3652 653 3705 Indorum
665 3670 730 3724 rege
748 3641 845 3714 datos,¹
863 3669 927 3722 quos
944 3652 1077 3704 Constan-

72 3735 136 3787 tino
154 3734 277 3803 donaret,
298 3739 394 3791 sedin
411 3738 510 3791 itinere
528 3738 664 3808 direptum
674 3756 713 3790 se
729 3755 745 3790 s
760 3734 860 3790 Persis.
887 3736 979 3807 anue
989 3743 1077 3788 ¹cauta

72 3818 141 3874 belli
158 3821 297 3879 adversum
312 3827 407 3879 Persas
426 3824 602 3893 Constantino
620 3835 647 3876 et
664 3840 729 3879 mox
749 3820 905 3874 Constantio
927 3822 1009 3874 fuisse
1033 3821 1078 3870 di-

71 3908 152 3960 citur.
190 3908 358 3987 Quamqunrn
376 3910 502 3962 adversus
519 3910 708 3966 Constantium
722 3910 819 3967 Parae
836 3907 890 3981 ipsi
903 3907 1015 3962 initium
1032 3923 1078 3957 sr-

68 4011 178 4045 morum
195 3993 324 4049 feceruut.
