2776 4934
336 444 393 484 rrrr
755 432 930 489 EDITORIS

341 612 412 651 rum
428 594 534 676 copias
553 593 698 681 ingentes
716 605 812 675 atque
835 593 980 654 efferatas
998 594 1101 680 primo
1124 613 1300 681 congressu
1313 591 1352 652 ad

344 675 512 737 Granicum
535 679 703 765 perfregit.
751 679 881 738 Deinde
907 696 986 763 quot
1022 683 1168 770 regiones
1200 677 1353 762 passibus

342 765 537 850 peragravit,
557 763 692 825 totidem
709 765 777 824 eius
800 767 947 831 victoriis
968 768 1142 827 illustratae
1163 780 1249 824 sunt.
1274 764 1353 823 Asia

342 850 445 908 minor
463 850 629 924 universa,
652 872 750 932 quum
768 850 941 911 Alexandri
958 854 1116 933 terrorin
1131 849 1263 912 auribus
1282 850 1352 908 ani·

343 934 466 1017 misque
483 937 624 994 omniurn
641 951 841 1011 versaretur,
868 937 903 995 in
920 939 988 999 eius
1007 937 1163 997 ditionem
1180 936 1351 996 concessit.

342 1018 473 1102 Iamque
491 1019 626 1081 bellator
644 1019 747 1080 audax
767 1020 950 1082 fortunatus
969 1025 1108 1086 invictus
1151 1042 1279 1104 raeceps
1298 1041 1353 1083 oe·

342 1119 410 1165 stro
427 1105 461 1162 in
478 1106 584 1189 ipsum
597 1106 733 1165 Darium
749 1107 787 1167 ad
804 1107 958 1192 oppidum
967 1109 1071 1169 Issum
1089 1045 1242 1180 deleratur,
1267 1126 1356 1165 eum·
1373 1156 1383 1171 .,

344 1212 406 1275 que
425 1204 513 1250 tanta
531 1190 694 1252 occidione
712 1191 833 1268 caedit,
856 1206 893 1253 ut
911 1192 950 1253 de
968 1195 1126 1254 sexcentis
1141 1190 1273 1251 milibus
1294 1182 1377 1252 ini-⁸

342 1277 436 1337 litum
465 1276 521 1338 vix
544 1299 671 1361 parvam
692 1280 836 1361 equitum
859 1283 985 1339 manum
1010 1278 1150 1367 fugienti
1184 1277 1254 1362 regi
1277 1275 1355 1341 reli·

344 1383 437 1446 quam
464 1359 588 1423 fecerit.
622 1364 708 1423 Exin
737 1365 887 1425 universa
906 1365 997 1445 Syria
1020 1366 1056 1423 in
1076 1363 1274 1423 deditionem
1303 1381 1353 1423 ao·

343 1461 453 1531 cepta,
475 1449 564 1534 regia
579 1471 656 1537 gaza
676 1448 823 1508 Damasci
842 1453 989 1533 potitus,
1010 1450 1057 1509 illi
1074 1451 1225 1509 nimirum
1243 1447 1355 1508 Mace·

343 1531 464 1610 dones,
487 1536 544 1616 qui
560 1534 712 1594 hactenus
728 1533 925 1617 quotidianis
949 1535 1053 1621 epulis
1074 1536 1108 1595 in
1127 1533 1242 1596 robore
1264 1553 1356 1593 accu-

342 1617 544 1694 buerunt<¹),
567 1641 641 1680 mox
662 1622 697 1680 in
721 1622 885 1680 Persarum
905 1645 981 1683 auro
1003 1635 1100 1704 atque
1111 1618 1237 1681 deliciis
1260 1617 1356 1679 volu·

341 1706 403 1764 tari
422 1719 608 1790 coeperunt.
640 1706 825 1796 Aegyptum
848 1711 1010 1806 regionem
1026 1706 1235 1791 praedivitem
1252 1722 1354 1787 paene

342 1789 472 1848 inermis
496 1792 600 1851 Persis
627 1793 766 1873 eripuit,
799 1813 861 1872 qua
884 1816 919 1851 m
946 1793 1115 1876 provincia
1144 1788 1353 1849 clarissimum

341 1872 482 1932 nominis
501 1871 552 1930 sui
571 1887 810 1932 monumentum
832 1879 939 1962 exegit
960 1875 1095 1933 maxima
1116 1871 1195 1933 urbe
1213 1871 1353 1932 Alexan·

343 1954 411 2016 dria
427 1952 573 2015 fundata.
610 1959 733 2036 Tyrum
751 1978 825 2017 mox
840 1958 880 2018 ad
897 1958 1078 2042 exemplum
1095 1956 1243 2017 militaris
1264 1979 1357 2020 seve-

341 2041 449 2103 ritatis
474 2063 594 2103 summo
616 2041 742 2104 excidio
763 2043 914 2106 vastavit.
953 2044 1088 2103 Interim
1112 2064 1210 2127 qutun
1229 2043 1351 2104 Darius

341 2129 537 2188 innumeram
552 2151 678 2188 manum
694 2151 734 2189 ex
754 2149 813 2188 suo
835 2130 971 2216 imperio
987 2128 1189 2216 collegisset,
1212 2143 1245 2187 et
1264 2150 1353 2217 mag·

340 2213 393 2274 nis
418 2211 607 2276 adventitiis
632 2214 805 2275 multorum
824 2236 932 2302 regum
948 2232 980 2276 et
997 2215 1163 2276 nationum
1180 2214 1283 2299 copiis
1301 2215 1354 2275 iu·

341 2313 490 2375 varetur3
519 2299 699 2361 Alexander
717 2322 815 2386 parvo
843 2302 980 2361 militum
1002 2323 1134 2363 numero
1159 2301 1194 2359 in
1216 2296 1353 2360 mediam

342 2385 507 2465 Assyriam
519 2388 675 2471 pervasit,
695 2400 851 2471 tantoque
863 2389 943 2475 regi,
966 2388 1057 2448 cuius
1074 2387 1126 2448 vel
1141 2386 1209 2445 solo
1225 2385 1354 2469 equita·

340 2487 379 2533 tu
399 2492 506 2530 omnes
524 2471 737 2532 Macedonum
755 2474 839 2536 vires
860 2471 1069 2558 proterendae
1090 2470 1283 2532 videbantur
1294 2471 1353 2544 (θ),

342 2558 378 2618 in
396 2571 504 2641 aperta
521 2559 656 2643 planitie
673 2558 825 2646 congredi
841 2579 935 2618 ausus
953 2572 1014 2618 est.
1044 2555 1098 2619 Ibi
1114 2579 1212 2642 quum
1229 2556 1353 2616 Darius

320 2662 448 2724 xneque
484 2644 590 2731 segnis
613 2641 757 2728 profecto
784 2645 955 2730 imperator
987 2666 1028 2702 ne
1054 2664 1093 2703 ue
1115 2645 1164 2703 rei
1200 2642 1354 2715 militaris

341 2728 471 2825 ignarus
497 2726 536 2786 de
563 2750 682 2788 summa
707 2730 837 2815 imperii
863 2730 1012 2790 acerrime
1032 2665 1214 2803 dimicaret,
1236 2742 1269 2787 et
1318 2746 1353 2785 e·

342 2812 448 2873 drtatu
469 2812 617 2891 infinito,
649 2814 858 2898 q'uadraointa
883 2815 1015 2874 milibus
1043 2815 1211 2896 equitum,
1240 2748 1353 2873 multis

341 2896 540 2983 elephantis,
562 2898 710 2961 ducentis
732 2866 856 2962 fabaris
874 2899 1041 2974 currIbus,
1064 2900 1217 2982 omnique
1233 2898 1352 2985 geneis

342 3004 500 3044 armorum
521 2982 715 3060 obsisteret3
735 2985 818 3047 vicit
837 2999 943 3044 tamen
964 2983 1166 3047 incredibilis
1188 2981 1351 3045 lortitudo

287 3121 292 3129 .
341 3067 536 3144 Alexandri,
571 3071 663 3130 cuius
690 3083 722 3128 et
746 3070 901 3130 virtutem
931 3084 1009 3130 tunc
1028 3068 1174 3129 caelestia
1200 3068 1352 3157 prodigia

341 3153 563 3217 corroborasse
580 3153 734 3215 videntur
748 3154 808 3229 (ὅ),
831 3168 863 3212 et
884 3169 968 3214 certe
983 3156 1019 3214 in
1031 3169 1120 3214 aestu
1140 3155 1210 3214 eius
1222 3172 1351 3242 pugnas

342 3240 500 3303 divinitus
523 3238 677 3299 ardebant
694 3239 795 3312 oculi,
815 3253 951 3324 totoque
971 3261 1012 3300 ex
1030 3261 1084 3300 ore
1100 3239 1232 3301 bellicus
1251 3238 1351 3325 spiri-

340 3341 394 3386 tus
422 3324 593 3385 eminebat.
642 3323 748 3412 Igitur
776 3338 896 3384 tantam
928 3326 1057 3410 imperii
1083 3327 1200 3410 persici
1234 3322 1349 3386 molem

340 3409 449 3475 brevis
479 3408 590 3470 subito
616 3408 788 3494 dissipavit
822 3432 894 3469 aura
919 3410 1144 3475 Macedonum.
1188 3416 1270 3473 Tum
1287 3406 1350 3465 Ba·

339 3494 479 3579 bylone,
509 3494 618 3573 Susis,
651 3495 834 3580 Persepoli,
856 3495 1110 3580 Ecbatanisque,
1141 3492 1353 3583 opulentissi-

337 3608 1356 3632 ΝΜ

380 3669 426 3741 (1)
451 3673 551 3725 Confer
573 3673 697 3725 Curtium
718 3691 746 3724 x·
764 3681 788 3723 2.

382 3755 426 3828 (2)
447 3750 643 3811 Demosthenes
668 3757 739 3840 apud
766 3758 930 3812 Aeschinem
951 3767 1041 3810 contra
1060 3751 1175 3823 cenna.
1209 3771 1268 3825 oep-
1294 3768 1351 3809 ιιι.

340 3843 447 3896 Curtius
465 3857 503 3892 rv.
523 3847 566 3897 14.

381 3925 425 3995 (ὅ)
449 3928 606 3981 Plutarchus
634 3928 680 3979 vit.
707 3925 787 3979 Area.
814 3925 856 3976 ed.
883 3924 987 3978 londin.
1015 3930 1201 3976 Muccxxttt·
1243 3920 1276 3974 Τ.
1310 3936 1350 3975 tr·

337 4030 364 4081 p·
387 4018 428 4064 49.
448 4013 540 4063 Cir-ero
562 4011 594 4063 de
614 4011 720 4063 divinat.
742 4015 764 4065 Ι.
783 4020 825 4063 ⁶5.
