2776 4934
10 431 102 483 -Ι
448 404 717 474 aramum
868 505 870 511 Ι
1047 416 1085 475 ss

72 577 201 675 priora
225 594 312 651 sunt
334 593 503 676 tempora
529 578 675 652 etiamsi
698 580 839 654 meritis
860 581 1017 655 secunda
1039 599 1087 656 ιιι

71 705 224 805 leceris)
249 705 348 802 ipsos
372 706 467 790 illis,
501 706 616 804 siquis
642 705 780 778 functis
795 705 836 758 (Φ
860 725 916 780 est
939 733 1085 794 sensus,

69 847 161 903 voto
188 854 394 906 accessuros
418 833 589 906 existimo
606 834 656 905 (²).
1133 804 1137 815 Ι

148 961 192 1025 V.
219 954 305 1029 Tibi
338 959 378 1031 in
404 966 527 1033 Persas
562 957 825 1031 hereditarium
859 983 996 1032 munus
1021 977 1086 1044 est,
1136 995 1260 1053 Hm

70 1098 117 1152 ut
142 1082 206 1177 qui
231 1107 382 1159 romana
407 1085 552 1160 tamdiu
574 1108 677 1156 arma
702 1086 938 1168 tremuerint,
965 1111 1032 1182 per
1051 1085 1129 1158 tein
1148 1087 1252 1141 ΡΜ·

67 1205 222 1280 tandem
246 1208 293 1281 ad
317 1212 539 1284 nostratium
565 1234 703 1284 nomen
729 1213 885 1307 recepti,
918 1213 1128 1309 interque

70 1333 281 1428 provincias
314 1355 451 1409 vestras
483 1337 635 1408 civitate
659 1357 810 1407 romana
835 1333 981 1418 donati,
1015 1334 1087 1407 dis·

67 1474 155 1529 eant
173 1479 251 1532 esse
267 1457 447 1535 beneficio
465 1455 745 1535 vincentiana>
770 1455 899 1546 liberi,
928 1459 992 1554 qui
1009 1484 1088 1530 om·

65 1604 132 1655 nes
156 1584 237 1654 illio
262 1583 420 1659 fastibus
443 1588 554 1688 regiis
585 1585 725 1657 milites
749 1581 849 1656 bello
876 1583 974 1657 servi
998 1608 1087 1680 paee

68 1724 274 1778 censentur.

143 1835 203 1902 Vl.
228 1830 403 1931 Igitur
371 1858 403 1906 ss
427 1833 620 1906 Terentius
638 1836 753 1907 Varro
779 1838 882 1906 Gneo
907 1831 1087 1928 Pompeio
1135 1871 1259 1927 ΑΜ,

24 2045 26 2048 y
59 1955 158 2029 olim
197 1981 265 2052 per
297 1959 492 2054 Hispanias
547 1957 756 2030 militaturo
794 1953 934 2028 librum
974 1959 1084 2030 illum
1098 1959 1261 2030 0⁰¹³P³¹¹³ti⁰

61 2080 357 2191 Ephemeridos
354 2082 392 2134 ‘²'
423 2080 491 2156 sub
529 2082 683 2156 nomine
724 2080 927 2165 laboravit,
968 2099 1011 2152 ut
1043 2083 1083 2155 in
1096 2062 1159 2096 ⁰⁰⁰²
1188 2045 1261 2097 Μ’

60 2205 202 2281 habiles
231 2227 289 2280 res
324 2166 446 2283 eidem
469 2234 634 2309 gressuro
668 2207 762 2280 seire
787 2221 881 2279 esset
910 2232 956 2276 ex
979 2205 1083 2279 facili

59 2331 344 2406 inclinationem
359 2335 506 2419 oceani,
533 2352 643 2431 atque
667 2357 797 2409 omnes
822 2331 984 2427 reliquos
1002 2357 1083 2405 mo·

1096 2148 1169 2183 mlle·

84 2538 126 2590 (a)
145 2535 207 2587 (lod.
218 2536 337 2602 [mettas.
363 2535 399 2592 (b)
417 2537 482 2584 cod.
501 2539 647 2586 oissmim.

58 2707 123 2758 lure
140 2720 205 2756 vero
224 2701 328 2757 Auctor
347 2703 436 2772 eapite
453 2705 477 2755 1.
499 2701 625 2772 scripsit,
646 2704 836 2756 Constantium
853 2722 944 2756 orsum
961 2678 1079 2757 feliciter

58 2789 193 2861 persicam
208 2787 431 2857 expeditionem:
459 2787 530 2838 intra
549 2786 623 2836 enim
642 2785 712 2836 illud
730 2786 908 2852 decennium,
932 2789 1079 2858 Theopha-

56 2890 107 2926 nes
133 2871 245 2944 quidem
272 2890 343 2924 anno
363 2870 516 2925 Constantii
536 2867 696 2940 imperantis
717 2882 795 2923 sexto
823 2870 1017 2941 triumptutum
1044 2872 1078 2924 de
1107 2888 1114 2902 ¹

54 2944 146 3016 Persis
162 2967 272 3019 narrats
295 2975 381 3010 annus
399 2975 463 3010 vero
479 2954 602 3014 eiusdem
616 2971 688 3009 1111.
706 2953 769 3027 (seu
785 2955 875 3027 potius
891 2956 965 3028 xrs.)
981 2976 1077 3027 magua

54 3048 200 3100 Persarum
213 3042 354 3096 occidione
367 3043 440 3114 apud
453 3042 596 3112 Singaram
611 3041 770 3095 nobilitatus
784 3054 824 3094 ast
835 3040 977 3096 interfecto
994 3043 1076 3096 etism

54 3128 164 3201 Saporis
187 3128 262 3193 filio,
284 3128 323 3181 ita
341 3141 431 3180 tamen
450 3141 481 3181 ut
502 3144 644 3180 romanam
669 3127 813 3182 victoriam
837 3146 901 3181 mox
922 3127 1075 3182 inconsulta

52 3216 156 3271 senonia
171 3214 293 3269 rnilitum
308 3214 466 3286 corruperit.
497 3212 609 3266 Videtis
626 3213 725 3268 Iuliani
742 3214 807 3284 imp.
825 3213 976 3267 orationem
994 3216 1017 3267 Ι.
1031 3213 1073 3266 ed.

52 3303 129 3374 Lipt.
147 3313 297 3355 uncxcvn
317 3319 343 3372 p.
360 3309 400 3352 23.
417 3312 444 3351 et
461 3316 534 3372 seqq.
553 3316 603 3351 neo
619 3318 674 3351 ιιοιι
692 3301 754 3369 Sex·
768 3299 874 3355 Rufum
892 3317 949 3370 sap.
969 3312 1072 3353 xxm.

32 3438 39 3447 ,
95 3385 140 3456 (1)
164 3389 258 3458 Quum
283 3378 513 3454 praestantissima
535 3384 591 3437 sint
615 3384 682 3449 tibi,
721 3379 880 3448 Constanti,
909 3386 1032 3454 exempla
1056 3403 1071 3437 a

55 3483 129 3540 patre
152 3485 180 3525 et
202 3473 304 3536 fratre,
332 3487 383 3523 eur
408 3488 460 3541 ego
483 3468 634 3523 Alexandri
661 3470 826 3542 Traianique
846 3481 924 3549 gesta
951 3470 1069 3523 oncino²

57 3555 189 3609 Nimirum
204 3557 266 3630 quia
288 3568 354 3627 puto
371 3555 445 3626 ipsos
465 3555 521 3609 iam
542 3555 598 3607 rita
623 3555 729 3608 functos
752 3555 942 3609 Constantinus
964 3546 1069 3627 patrem

58 3651 85 3692 et
99 3640 208 3707 fratrem
227 3643 350 3714 exempla
365 3640 514 3695 Alexandri
530 3653 558 3692 et
575 3640 687 3694 Traiani
703 3641 828 3694 renovari
841 3659 996 3712 percupere.

98 3724 145 3796 (ι)
164 3727 249 3781 Huius
270 3727 434 3782 varroniani
463 3726 528 3782 libri
556 3722 716 3801 meminerat
739 3726 845 3781 Nonius
870 3728 1048 3781 Marcellus
1040 3747 1070 3780 ιιι

50 3827 112 3866 voe.
136 3815 298 3869 warmuas
319 3813 362 3866 his
382 3813 488 3867 verbis:
513 3809 603 3869 Van-0
621 3809 799 3884 Eplemerida
822 3810 932 3866 navalis
960 3813 1070 3866 Etesiae

46 3898 151 3952 diutius
167 3909 196 3950 et
208 3896 312 3979 uberius
320 3896 473 3968 flaverant,
494 3911 522 3951 et
539 3912 693 3950 autumnum
708 3911 846 3952 ventosam
857 3894 965 3970 fuerat.
988 3901 1014 3950 N
1016 3917 1069 3951 une

44 3985 171 4056 pleniore
190 3983 286 4037 notitia
300 3984 411 4039 luriusoe
426 3985 491 4040 libri
509 3984 565 4036 iarn
581 3984 706 4036 fruimur.
