2776 4934
420 464 498 527 SEV
528 462 707 529 LIBERI.
937 507 939 511 .
1009 474 1065 531 161

59 653 213 730 tumque
234 638 273 707 in
300 637 572 709 transvehentes
598 635 763 730 pediturn
779 665 929 711 suorum
949 640 1068 731 iacula

57 763 242 857 torqueri:
280 786 396 856 eoque
421 761 626 856 perfectum
657 782 778 834 estut
808 764 913 836 brevi
946 764 1067 839 onmis

57 888 123 957 ille
155 912 327 956 curruum
361 912 536 958 uumerus
568 905 755 959 teneretur
788 914 859 959 una
895 892 995 983 equis
1014 882 1069 965 ,et
1098 910 1100 914 ‘

60 994 308 1110 aurigantibus
333 1010 424 1082 fixis.
458 1014 575 1113 Igitur
600 1013 720 1084 sedata
746 1013 944 1092 fonnidine
960 1039 1069 1109 quam

59 1144 187 1207 Persae
219 1137 267 1207 de
303 1136 469 1209 curribus
503 1135 834 1235 intemptaverant‚
860 1142 1070 1233 aequatum

62 1287 173 1332 omne
196 1240 379 1358 proelium
404 1262 605 1336 videbatun
648 1267 786 1366 Agebat
820 1290 932 1360 porro
966 1266 1069 1345 Alex?
1178 1308 1181 1315 ·

61 1386 173 1456 ander
196 1388 234 1456 in
261 1387 389 1459 dextro
417 1413 549 1474 cornu,
577 1390 677 1484 quod
701 1394 806 1463 laev'o
835 1392 975 1461 scilicet
992 1414 1071 1482 per·

59 1512 136 1582 sico
156 1511 339 1584 obviabat.
383 1520 551 1584 inscenso
584 1515 698 1611 igitur
726 1542 818 1613 equo
845 1520 992 1613 sigrium
1017 1515 1072 1582 in·

59 1638 199 1730 crepari
224 1637 402 1708 bellicum
427 1638 577 1707 mandat
601 1664 744 1733 unaque
771 1642 982 1712 coeuntium
1003 1641 1074 1710 cla-

61 1787 146 1833 mor
172 1764 355 1832 attollitur
380 1763 534 1856 ancipiti
551 1762 635 1832 satis
654 1766 795 1857 proelio
813 1791 854 1836 ac
877 1765 1072 1843 diuturno:

63 1912 148 1958 cum
193 1888 330 1956 interea
380 1888 570 1956 sinistrum
612 1913 727 1958 cornu
771 1889 1021 1962 Macedonum
1053 1914 1074 1959 a
1117 1894 1120 1899 ’
1173 1908 1189 1987 J

53 2014 176 2083 Dario
205 2015 266 2104 qui
292 2013 330 2079 in
357 2011 491 2082 dextris
525 2039 676 2084 suorum
704 2012 832 2112 agebat
862 2016 900 2085 vi
935 2016 1077 2085 maiore
1172 1994 1195 2005 Η

61 2136 153 2207 belli
179 2139 407 2232 conspicatus
433 2140 601 2233 [impeti]
627 2141 906 2233 implicatosque
929 2138 1075 2211 ordines
1145 2184 1147 2188 >

61 2264 251 2337 'universos
278 2289 351 2337 non
370 2258 447 2336 tarn
465 2262 720 2334 discriminum
736 2266 945 2335 necessitate
962 2290 1074 2359 quam

64 2389 311 2460 multitudinis
336 2389 616 2470 inconsulto(“);
645 2388 845 2483 subpetiari
877 2389 1076 2461 laboranti-

64 2513 131 2586 bus
156 2532 424 2608 properaverat.

141 2646 233 2710 LIII.
269 2639 375 2707 Exim
400 2636 481 2730 pari
506 2637 692 2730 utrimque
714 2637 844 2717 oborta
871 2637 979 2709 caede
994 2654 1233 2707 cumpersarum

1091 2752 1119 2790 et
1156 2736 1235 2791 Darii

66 2792 147 2862 spes
174 2766 291 2832 exitus
311 2763 517 2842 fluctuaret,
545 2762 739 2854 repentino
756 2760 852 2831 forte
868 2761 980 2831 imbri
996 2788 1079 2857 pro·
1091 2825 1165 2895 fuge.

66 2893 239 2973 cedente,
268 2890 325 2959 vel
350 2884 531 2957 adversari
555 2884 628 2956 sibi
643 2887 791 2957 caelitus
816 2885 855 2954 id
880 2893 1007 2959 Persae
1025 2886 1079 2956 in·

67 3015 275 3113 terpretati,
302 3015 366 3086 vel
391 3009 438 3081 ad
472 3013 645 3087 elementi
670 3015 747 3084 eius
779 3012 955 3083 iniuriam
986 3012 1082 3084 mol·

67 3148 199 3225 liores,
226 3139 311 3238 fuga
340 3137 534 3222 facessunt,
562 3164 708 3234 unaque
732 3137 789 3208 his
814 3146 992 3232 Amyntas
1010 3161 1085 3208 rna·
1166 3160 1169 3169 ·

69 3271 160 3344 cedo
186 3266 363 3367 Antiochi
389 3262 486 3334 filius
500 3264 558 3349 (ι),
585 3266 648 3358 qui
663 3263 768 3367 olim
787 3263 971 3363 transfuga
982 3263 1087 3334 Darii

102 3501 143 3550 (a)
160 3503 200 3544 Its
216 3501 275 3543 cod.
297 3496 445 3544 imonsrdeo.

122 3677 170 3759 (1)
193 3655 235 3740 Ab
249 3687 301 3739 hoc
315 3675 374 3757 ipso
391 3700 481 3741 narrat
498 3688 627 3741 Arrianus
639 3689 676 3742 ΙΙ.
690 3695 714 3739 6.
737 3685 876 3755 transfuga
891 3685 1012 3753 Amynta
1028 3686 1088 3739 An-
1168 3728 1171 3732 .
1238 3688 1240 3692 ⁴
1254 3678 1256 3684 ’

76 3771 164 3827 tiochi
188 3769 243 3825 filio
263 3773 398 3826 monitum
415 3775 515 3826 frustra
538 3774 667 3839 Darium,
689 3786 720 3825 ut
744 3789 880 3843 pugnam,
907 3788 986 3841 quam
1010 3770 1088 3822 dein-

75 3877 140 3930 ceps
159 3856 228 3909 male
247 3858 376 3926 pugnavit
395 3859 429 3910 ad
450 3854 603 3924 Issum,'in
620 3861 748 3926 Assyriae
765 3857 878 3926 planitie
895 3857 1085 3909 conserendam

77 3955 195 3999 curaret.
231 3943 275 4003 De
295 3942 347 3997 hoe
363 3943 486 4018 Amynta
506 3944 644 4016 transfuga
670 3945 704 3997 ad
720 3947 812 3999 Persas
836 3942 898 3998 vide
918 3954 944 3993 et
962 3943 1088 3997 Curtium

74 4032 127 4078 ῙΠ.
151 4037 194 4078 11.
484 4036 487 4041 '
