2776 4934
347 422 408 487 164
631 419 898 483 ALEXANDRI
923 419 1061 485 natvs

345 593 422 686 ipse
457 615 602 686 quoque
636 590 682 661 ad
720 591 960 663 Cassandrum
970 592 1010 645 (²)
1035 592 1165 663 ducem
1203 616 1360 667 suarum

343 716 503 810 partium
529 718 665 810 quique
680 717 830 788 curabat
845 736 934 788 tunc
948 718 1207 791 Macedoniam
1221 745 1300 791 sese
1319 720 1358 772 (ὓ

342 842 509 937 profecto
535 841 662 912 scribit
687 844 807 913 omnis
821 845 1018 942 phalangas
1035 867 1122 938 quas
1139 862 1304 914 armaret
1320 845 1359 896 (¹⁸)

342 987 406 1039 aut
429 967 565 1071 'siquid
607 987 789 1062 praeterea
827 969 868 1037 in
901 967 1044 1039 auxiliis
1076 968 1218 1038 virium
1258 969 1356 1043 foret

331 1113 532 1191 propterea
558 1093 815 1164 admoliretur:
850 1115 968 1187 neque
999 1092 1099 1162 enim
1123 1093 1249 1166 hostes
1276 1096 1354 1168 lon·

339 1223 419 1320 gius
438 1221 609 1292 adsidere.
642 1226 740 1315 Quae
758 1217 847 1288 dum
872 1243 941 1313 pro
960 1216 1158 1289 commodo
1175 1217 1350 1293 festinan·

339 1364 418 1428 tur,
444 1348 522 1441 ipse
546 1371 614 1415 una
650 1345 810 1414 exercitu
845 1344 975 1415 Achaia
1010 1364 1222 1443 peragrata,
1257 1351 1349 1423 mul.

338 1473 458 1566 tisque
483 1489 665 1565 praeterea
695 1467 902 1539 civitatibus
928 1471 1084 1564 receptis
1111 1490 1175 1543 aut
1211 1479 1347 1570 qnaesi-

230 1602 233 1607 '
336 1600 402 1681 tis,
429 1600 540 1668 etiam
566 1613 713 1666 centum
752 1612 788 1663 e't
813 1596 1042 1692 septuaginta
1068 1598 1174 1668 milia
1201 1604 1347 1702 collegit

163 1692 321 1841 pransa
336 1743 578 1802 armatorum,
605 1727 842 1812 Taurumque
868 1718 1078 1791 transducit.
1107 1737 1256 1821 Tumque
1271 1760 1344 1801 sum·

215 1844 267 1890 ⁸¹¹·
335 1875 385 1914 mo
408 1856 441 1912 in
463 1851 598 1911 culmine
626 1851 726 1910 Tauri
747 1851 868 1910 moratis
883 1848 980 1909 hasta
1001 1848 1116 1934 defixa
1131 1852 1263 1917 dixisse
1273 1847 1341 1941 fcr-

333 1977 408 2024 tun:
434 1962 591 2052 Quisquis
612 1960 702 2018 illam
724 1981 783 2019 rex
805 1960 935 2020 milesne
956 1980 1092 2038 graecas
1106 1976 1169 2022 aut
1189 1963 1339 2027 barbarus

297 2071 423 2132 *hurso
446 2070 583 2131 euellere
602 2091 698 2129 ausus
710 2062 831 2153 foret,
852 2070 993 2130 edictum
1010 2069 1075 2129 sibi
1097 2070 1191 2135 urbis
1220 2098 1262 2139 ac
1286 2098 1334 2157 pa·

326 2182 415 2243 triac
435 2200 511 2239 suae
531 2178 662 2259 suisque
683 2181 848 2239 excidium
871 2181 1067 2241 meminisset
1084 2176 1134 2246 (ὅ).

1082 2267 1105 2317 a·

352 2456 393 2506 (a)
410 2452 471 2500 cod.
490 2467 602 2497 arnusrc.

369 2695 413 2761 (1)
438 2693 503 2745 Cod.
536 2690 736 2742 Scamandrum.
776 2693 817 2744 Ita
848 2694 928 2745 etiarn
951 2695 1018 2749 alter
1046 2695 1146 2747 latinus
1169 2698 1233 2750 cod.
1259 2700 1334 2753 ambr.

326 2781 377 2834 Sed
401 2780 457 2830 sine
478 2777 559 2828 dubio
583 2776 643 2844 lege
666 2775 852 2829 Cussamlrum.
885 2782 1055 2851 Quamquam
1077 2796 1175 2835 revera
1197 2784 1337 2857 Antipater

325 2864 467 2918 Cassandri
487 2876 562 2934 pater
579 2861 764 2915 Macedoniam
779 2865 897 2915 curabat.
919 2867 1019 2919 Recole
1037 2866 1164 2918 Itinerar.
1181 2888 1246 2941 cap.
1262 2887 1335 2925 xvtt.

369 2992 416 3069 (2)
439 2999 481 3048 Its
501 2998 561 3047 cod.
574 3016 623 3066 pro
643 2998 682 3049 nri
703 3017 776 3063 sese,
799 2999 895 3051 omissa
907 3003 1107 3072 praepositione
1124 3023 1198 3077 quae
1214 3028 1283 3079 ¹mox
1298 3029 1336 3065 sc-

322 3084 415 3156 quitur
440 3099 500 3132 cum
515 3082 596 3132 verbo
616 3082 800 3135 adrnolirctur.
823 3086 924 3159 Recole
943 3106 1011 3158 quae
1032 3090 1127 3145 notavi
1148 3092 1184 3144 ad
1202 3080 1335 3151 Itinerarii

322 3188 398 3240 capp.
409 3181 493 3219 xatx.
505 3180 610 3218 cccxv.
633 3168 693 3221 Nisi
708 3170 779 3221 forte
793 3170 853 3222 heic
868 3172 954 3226 mavis
968 3173 1093 3247 deinceps
1110 3176 1207 3248 legere
1217 3199 1336 3257 propter.

319 3272 401 3328 quam
419 3266 571 3324 propterca.

365 3382 411 3461 (ὅ)
434 3388 534 3438 Iulium
551 3386 689 3440 Valerium
713 3405 758 3439 scu
777 3388 914 3460 Aesopum
930 3390 1026 3443 fucatis
1044 3390 1209 3455 fabularum
1226 3401 1332 3455 deeora-

318 3475 416 3526 mentis
432 3472 574 3526 veritatem
588 3491 779 3543 saepenumero
796 3476 953 3529 adumbrare
968 3496 1002 3529 ex
1012 3478 1063 3529 hoc
1079 3480 1174 3551 Opera
1194 3498 1259 3541 toto
1272 3508 1331 3543 con·

319 3570 381 3616 stat.
405 3561 526 3611 lamvcro
541 3558 691 3610 Alexandri
706 3561 845 3630 scriptores
862 3563 957 3615 sinceri
970 3562 1106 3617 Diodorus
1118 3582 1206 3623 ΠΗ.
1224 3581 1268 3625 17.
1288 3578 1329 3627 lu·

318 3642 403 3694 stinus
419 3659 463 3695 x1.
478 3653 502 3696 6.
525 3641 647 3711 (Confer
661 3657 687 3695 ct
703 3647 992 3701 ItinerariiAuctorcm
1006 3666 1064 3719 cap.
1078 3650 1196 3729 xvm.)
1213 3673 1329 3721 narrant.

317 3727 518 3792 Alexandrum,
541 3747 623 3798 quum
636 3732 810 3802 Hellesponto
828 3735 980 3789 transmisso
992 3734 1084 3787 Asiam
1101 3752 1173 3791 esset
1191 3756 1328 3799 contactu·

315 3828 377 3875 rus,
403 3813 508 3865 telum
500 3833 529 3865 m
545 3814 646 3866 littus
638 3817 746 3880 recisse,
769 3836 824 3913 quo
841 3819 890 3869 sibi
912 3837 991 3870 omen
1010 3818 1110 3872 faceret
1133 3827 1261 3895 regionis
1278 3829 1327 3881 eins
1378 3822 1381 3827 ’

315 3897 386 3948 bello
402 3917 436 3949 ac
436 3899 587 3967 lurrendae
624 3915 661 3953 11
680 3902 729 3953 hac
745 3902 860 3970 genuina
868 3904 1031 3957 narratione
1052 3905 1222 3977 figmentum
1241 3914 1324 3969 lunas

312 3982 343 4035 in
361 3985 451 4035 Tauro
468 3996 559 4035 munte
576 3984 680 4038 defixae
698 3999 790 4043 natum
806 3989 949 4057 suspica&
