2776 4934
427 463 693 530 ALEXANDRI
1023 469 1062 535 δι

52 629 202 705 idoneas
224 636 401 734 coegisset
419 637 586 733 experiri.
630 645 711 735 Quo
730 637 771 691 (θ
789 630 981 713 adversum
1004 663 1063 712 eas

52 758 180 831 animo
208 758 378 831 arderet?
399 762 554 833 'Milites
578 790 666 835 vero
704 765 862 837 adhaec
888 768 983 839 ultra
1011 767 1063 837 la·

51 880 185 955 borem
223 901 259 955 et
288 887 450 981 pericula
481 876 783 984 depredabantur:
826 914 941 977 anuos
963 916 1063 973 nur,

50 1008 204 1079 vulnera
239 1028 276 1081 et
299 1036 451 1084 snorum
476 1013 652 1092 desideria
677 1035 919 1089 numerantes.
967 1016 1066 1087 Data

52 1132 171 1230 igitur
193 1118 296 1207 'fessis
324 1138 465 1232 quiete,
499 1137 711 1237 solentibus
733 1143 861 1221 utitur,
912 1146 1067 1214 Succen-

54 1257 186 1329 tnriari
210 1278 333 1333 tamen
359 1261 518 1335 dimissis
543 1265 634 1338 alios
660 1268 820 1361 epatris
847 1263 962 1345 iubet.
997 1271 1066 1340 Ita·

56 1406 129 1477 que
151 1383 329 1457 victoriae
355 1389 507 1461 avaritia
532 1381 617 1461 usus
642 1399 820 1463 oceanum
847 1392 961 1463 venit.
999 1486 1001 1491 Δ
1036 1458 1039 1463 ,

135 1516 256 1583 CXIV.
281 1511 336 1583 Ibi
354 1538 503 1608 quoqne
519 1513 727 1587 inmodicus
739 1515 964 1611 cupiditatis,
980 1538 1075 1609 qno.
1122 1544 1248 1600 Alexan-v

52 1633 160 1705 niam
174 1629 245 1683 (ὃ)
234 1659 275 1703 ιιι
295 1630 449 1707 navibus
459 1640 582 1709 textis
597 1639 803 1751 periculum
816 1642 930 1711 vellet
950 1629 1130 1711 faeereder
1166 1649 1244 1684 ⁰⁰⁹³·

56 1776 228 1844 naturae,
255 1778 293 1831 et
318 1761 409 1855 quid
425 1759 497 1832 sibi
519 1762 577 1833 vel
602 1764 765 1856 quisqu&
757 1754 816 1832 id
836 1765 950 1836 vellet
974 1767 1075 1835 ultra
1081 1733 1179 1873 {ab
1195 1735 1246 1770 ⁶¹⁸

56 1884 199 1956 liceret.
252 1891 389 1956 Verum
415 1903 564 1980 repente
589 1910 673 1955 cum
704 1884 794 1957 flatu
817 1891 981 1963 violento
1014 1916 1070 1962 re·

57 2007 164 2080 diens
187 2012 335 2083 haustus
368 2011 495 2083 oceani
528 2009 639 2082 solito
665 2013 918 2084 vehementior
941 2037 1071 2085 omnes

56 2136 110 2209 ed
133 2137 204 2208 hoc
231 2152 376 2231 paratos
406 2137 503 2207 inter
532 2160 638 2206 naves
671 2134 834 2236 confligit
863 2155 902 2209 et
926 2138 1070 2236 mergit.

58 2269 189 2358 Neque
214 2262 338 2362 agnitu
364 2260 516 2351 difficile
541 2259 580 2330 id
605 2279 701 2344 erat,
728 2268 827 2335 Deos
850 2281 939 2335 voto
959 2262 1072 2335 refra-

58 2389 156 2486 gari,
182 2387 314 2483 quibus
340 2374 505 2483 quamvis
530 2387 607 2480 ipse
636 2387 757 2458 obniti
784 2407 910 2486 negat,
935 2384 1077 2480 nequid,

60 2514 221 2607 impium
237 2511 367 2582 audeat
385 2527 582 2604 temptare;
609 2510 727 2579 mittit
742 2527 864 2580 tamen
880 2527 1078 2605 promptos,

62 2639 255 2721 audaciae,
295 2612 464 2730 nihilque
503 2636 580 2732 regi
599 2635 785 2705 ‘audentes
816 2660 945 2732 negare
978 2641 1075 2708 Ono·

61 2763 260 2836 marchum
285 2779 322 2831 et
337 2764 469 2833 Neona
486 2753 523 2806 (¹²
550 2757 752 2857 (congestis
776 2758 863 2826 navi
884 2782 974 2851 quae
999 2757 1075 2831 cui-

62 2915 138 2988 que
171 2887 224 2958 sic
248 2885 433 2955 volenti
421 2910 460 2954 m
487 2885 640 2983 longum
664 2884 745 2954 usui
769 2883 992 2976 necessaria)
1016 2882 1076 2953 uti

58 3018 331 3106 circumpntato
358 3036 492 3083 oceano
519 3028 704 3104 comperta
730 3008 953 3080 nuntiarent.
1051 3020 1055 3027 '

138 3146 243 3214 CXV.
286 3140 429 3235 Quippe
459 3136 705 3208 Alexandrum
736 3136 860 3208 animo
891 3135 1008 3207 fixisse
1027 3134 1073 3205 ad
1084 3161 1231 3218 Alexandn

62 3264 291 3364 appetentias
312 3248 448 3360 rigido
453 3280 490 3333 et
503 3261 708 3346 indomito,
733 3263 795 3335 hic
821 3287 967 3358 qnoque
988 3284 1074 3332 con·
1085 3249 1217 3302 immensa

64 3391 300 3465 siderandum
314 3387 473 3483 reliquit.
498 3393 586 3459 Erat
603 3389 731 3459 civitas
748 3385 893 3468 Indiae,
913 3409 1023 3479 quam
1035 3382 1121 3439 (²)
1086 3334 1204 3388 audam

91 3701 138 3754 (a)
155 3692 216 3746 cod.
231 3697 382 3760 ωιιιιιιίιιιε
396 3695 518 3752 experire
533 3706 607 3754 qnae.
633 3688 669 3746 (b)
686 3691 749 3738 cod.
769 3704 888 3754 quonam.

53 3827 1076 3859 ....--------——--—-—————--·

106 3941 156 4014 (1)
174 3942 221 3994 Ita
237 3939 300 3995 eod
320 3941 377 3992 Hos
397 3937 444 3990 alii
462 3926 597 4007 adpellant
610 3932 768 3989 Nearchum
786 3946 813 3985 et
829 3931 1012 3988 onesicritum

105 4028 154 4100 (2)
176 4027 308 4098 Nempe
298 4043 428 4098 anquam.
451 4021 621 4092 Confercap.
638 4034 720 4075 xutx.
737 4038 765 4072 ιι.
777 4024 807 4071 1.
854 4010 875 4028 '

853 4112 875 4172 6
