2776 4934
694 234 718 275 R
799 235 805 247 ⁴

199 408 248 444 xri
616 395 791 481 EDt'potrls

199 548 307 624 libus,
330 553 448 635 passim
465 551 629 627 venditat,
652 551 708 612 sed
731 568 763 613 et
788 575 949 614 assensum
971 555 1133 614 interdum
1157 576 1201 614 su·

201 637 320 711 stinet,
343 651 376 694 et
399 635 602 722 prudentiam
622 635 758 698 declarat
781 638 831 698 his
852 637 920 700 fere
943 636 1052 702 verbis
1069 636 1188 730 fertur

199 722 252 783 vel
263 718 400 811 ferunt,
422 721 474 782 vel
490 729 628 788 relatum
644 740 705 802 est,
721 723 774 785 vel
789 729 820 791 si
836 733 908 812 quis
922 751 1032 791 aurem
1049 731 1094 790 ad
1101 729 1178 816 fide

200 813 342 874 dicentis
358 811 514 873 inclinet:
529 823 680 890 tantaque
695 819 817 892 semper
828 811 974 871 cautione
985 812 1089 869 utitur
1107 832 1189 894 quan

199 908 232 953 ta
248 893 277 951 si
295 893 516 952 testimonium
531 891 671 954 diceret:
704 895 839 979 scriptor
857 896 927 954 sine
945 896 1191 984 arrogantiagra

200 980 271 1053 vis,
291 979 360 1037 sine
385 978 521 1065 segnitia
544 977 755 1042 verecundus.
784 979 827 1041 Et
847 983 918 1064 ipse
944 980 1074 1064 quidem
1098 994 1187 1065 apert
1213 1042 1217 1055 ⁴

201 1065 265 1138 ait,
289 1085 322 1122 se
346 1061 384 1121 de
409 1084 442 1121 re
466 1063 565 1150 magis
594 1085 687 1147 quam
712 1063 751 1123 de
776 1065 883 1128 verbis
909 1064 1051 1126 laborare
1068 1068 1126 1140 (¹);
1158 1066 1189 1135 in

200 1150 294 1210 terim
309 1169 386 1209 vero
404 1170 468 1208 non
485 1146 675 1209 mediocrem
693 1151 880 1232 sapientiam
897 1151 1097 1211 simulatione
1114 1149 1184 1209 rudi
1196 1136 1217 1223 ,⁴

201 1234 269 1293 stili
288 1235 381 1320 tegit.
428 1234 535 1294 Huius
552 1249 638 1294 certe
653 1235 838 1318 simplicitas
857 1251 954 1320 atque
973 1235 1117 1296 ordinata
1133 1235 1203 1295 bre-¹

200 1322 283 1381 vitas
298 1317 462 1380 imitabilis
480 1317 627 1380 videatur
644 1341 713 1378 esse
731 1322 942 1396 existimanti,
961 1320 1015 1381 sed
1036 1270 1217 1407 experiemi‘

198 1407 228 1466 ti
254 1427 320 1466 non
340 1405 431 1464 item.
484 1403 565 1486 Quis
585 1405 670 1464 enim
696 1427 755 1488 pro
777 1404 934 1493 dignitate
958 1405 1130 1489 admiretur
1149 1391 1217 1485 hos]

199 1491 333 1564 minem,
367 1490 423 1573 qui
438 1486 541 1549 taritas
559 1511 608 1549 res
626 1491 735 1583 paucis
754 1492 928 1575 explicavit
946 1493 1081 1567 chartis,
1104 1488 1217 1597 doctili

199 1575 356 1661 profecto,
378 1590 416 1633 ut
435 1597 505 1635 cum
525 1572 649 1636 Catullo
664 1575 789 1660 loquar,
812 1592 845 1637 et
867 1576 1062 1638 laboriosis?
1084 1560 1217 1711 quiqui¹

198 1664 234 1722 in
253 1678 342 1722 tanta
356 1658 565 1721 scribentium
581 1661 711 1723 licentia
729 1685 900 1747 numquam
916 1665 1083 1728 averitate
1100 1682 1133 1721 se
1149 1661 1188 1720 ah

199 1747 273 1811 duci
287 1768 399 1830 passus
417 1763 477 1824 est,
494 1770 663 1831 numquam
682 1770 700 1807 a
714 1747 777 1808 fide
793 1748 944 1810 decessit.
969 1749 1107 1809 Omnino
1127 1734 1217 1829 (nis⁴''

199 1855 248 1891 me
268 1832 392 1896 inventi
418 1834 482 1888 mei
508 1830 592 1889 fallit
608 1837 709 1911 amor)
737 1852 843 1889 rerum
865 1831 1040 1890 Alexandri
1064 1832 1203 1913 Scripto†

199 1937 264 1974 rem
283 1915 367 1972 hunc
379 1911 505 1970 laudare
521 1932 650 1995 possum
665 1933 766 1994 paene
783 1910 1073 1999 religiosissimum.
1104 1897 1217 1996 Quauit

198 1997 349 2058 nimirum
374 1994 414 2054 ob
440 1994 563 2055 laudem
588 1995 846 2080 praeponendum
870 1998 967 2057 etiam
986 1997 1047 2057 hoc
1066 1997 1102 2057 in
1119 1982 1217 2061 libr-'¹

197 2083 325 2156 curavi,
347 2079 422 2140 licet
439 2081 474 2140 in
488 2079 595 2141 codice
612 2095 686 2164 post
703 2101 785 2165 opus
804 2079 882 2141 Iulii
894 2082 1015 2144 Valerii
1032 2012 1217 2173 subiungal⁶

197 2184 263 2230 tur.
302 2164 390 2226 Mihi
406 2167 491 2227 enim
507 2168 626 2231 veritas
643 2167 692 2227 rei
713 2166 817 2229 cuivis
837 2188 959 2253 semper
982 2152 1217 2253 praevertenddu

198 2253 341 2320 videtur.
1200 2238 1217 2330 ’ξ

264 2340 306 2402 V.
328 2338 425 2398 Nunc
450 2337 512 2397 etsi
536 2334 670 2398 difficile
692 2352 741 2398 est
765 2336 875 2398 stilum
900 2353 933 2398 et
953 2336 1084 2400 formam
1112 2343 1217 2429 (sivf.

50 2454 187 2513 ffinmffi
198 2442 357 2515 maaian
374 2438 411 2483 ut
427 2423 539 2484 Graeci
557 2424 756 2508 loquuntur)
781 2444 941 2508 exponere
960 2426 1111 2485 Auctoris
1125 2448 1173 2486 no
1194 2434 1217 2489 ᾧ

23 2540 108 2597 ,Q
184 2514 274 2583 ,dum
288 2509 419 2596 publico
445 2525 523 2572 voto
539 2508 692 2586 iudicati,
713 2525 819 2570 tamen
836 2524 873 2570 ut
888 2530 958 2569 meo
980 2531 1067 2570 more
1083 2510 1182 2596 aliqui
1211 2548 1217 2571 ι

197 2598 310 2661 timide
328 2596 445 2671 dicam,
473 2596 502 2655 is
525 2595 606 2657 mihi
647 2595 752 2655 uidem
768 2594 898 2657 videtur
913 2593 1090 2672 eiusmodi,
1111 2599 1176 2660 cuit

177 2684 269 2759 ,faire
295 2681 488 2743 latinitatem
520 2682 588 2744 sive
614 2618 824 2743 elocutionem
855 2681 941 2742 docti
966 2682 1111 2747 homines
1138 2704 1182 2743 no

198 2750 421 2843 coritemnattt,
442 2766 623 2853 dignusque
648 2768 786 2852 scriptor
803 2769 860 2852 qui
884 2769 918 2827 in
935 2767 1117 2828 litterarum
1134 2768 1168 2830 lu

199 2869 417 2943 cognoscatur.
463 2853 624 2940 Linguam
648 2856 775 2937 quidem
801 2855 898 2914 huius
922 2875 1015 2914 nemo
1040 2853 1154 2915 barbas
1201 2893 1217 2955 p

199 2940 301 3015 dicat,
324 2939 473 3021 quoniam
493 2939 609 2999 saeculi
633 2940 740 3022 quarti
758 2953 903 2998 auctores
926 2937 1028 2998 adhuc
1044 2939 1080 2995 in
1097 2958 1217 3037 exemdfi

198 3027 261 3110 plis
286 3024 455 3095 latinitatis
471 3022 646 3083 laudamus:
668 3022 721 3082 hic
735 3036 841 3081 autem
856 3034 928 3079 ante
949 3017 1115 3079 dimidium
1135 3027 1164 3082 ei
1212 3084 1217 3122 Ι

198 3108 312 3171 saeculi
331 3105 489 3168 scribendi
504 3107 595 3168 laude
610 3106 734 3167 cluebat
748 3107 796 3164 (2).
834 3106 934 3165 Porro
956 3105 1019 3164 etsi
1040 3105 1139 3167 latina
1153 3039 1213 3256 ἕξ]

198 3196 293 3285 genia
310 3195 427 3280 pressit
442 3192 477 3251 in
491 3194 585 3277 peius
603 3193 732 3277 imperii
746 3189 929 3265 inclinatio,
952 3191 999 3248 ita
1014 3204 1050 3249 ut
1066 3193 1127 3252 scri
1152 3208 1167 3253 t
1204 3171 1217 3269 ,Ι

198 3304 269 3342 rum
302 3277 415 3370 gradus
446 3292 479 3337 et
502 3300 617 3366 genera
648 3278 729 3362 ipsis
762 3276 1001 3365 distinguantur
1025 3213 1183 3340 aetatibus

199 3365 500 3427 Constantinianum
523 3379 629 3424 tamen
650 3386 764 3424 aevum
781 3360 921 3424 nondum
947 3383 1071 3423 omnem
1095 3278 1217 3513 florei

142 3482 170 3519 ..a
201 3440 391 3512 elocutionis
416 3450 607 3537 infregerat:
632 3450 686 3509 illa
701 3463 824 3508 tantum
843 3445 979 3510 facilitas
1001 3468 1113 3508 aureae
1138 3449 1171 3510 di
1202 3500 1208 3511 ,

166 3544 169 3551 “
198 3539 299 3597 tionis
331 3534 512 3619 flumenque
542 3534 767 3598 vobabulorum
801 3549 833 3594 et
864 3534 957 3619 quasi
987 3520 1206 3619 spontaneited

198 3636 385 3686 evanuerat:
408 3622 542 3707 poeticis
561 3623 624 3682 iam
640 3642 742 3706 paene
754 3621 872 3705 tropis,
892 3617 1115 3682 audacioribus
1131 3598 1205 3705 ver-3¹

116 3864 161 3939 Ἢ
242 3878 288 3948 (1)
311 3882 394 3950 Capp.
412 3883 450 3935 ΙΙ.
472 3892 499 3932 et
517 3896 570 3934 r11.

142 3948 158 4003 Ψ
183 4000 202 4057 3
244 3964 290 4036 (2)
312 3966 429 4018 Consule
446 3979 522 4019 uotae
536 3964 931 4041 measadItinerar.eap.1t·
952 3979 1060 4024 etvttt.

263 4138 292 4221 ‘i
