2812 4920
507 372 807 511 invitarat.
895 386 936 474 .’
1115 427 1225 486 ru.

163 593 262 690 quod
288 596 328 665 in
353 598 424 671 hoc
450 593 618 666 fortunae
644 593 770 665 favore
797 621 840 666 ex
865 621 982 690 aequo
1014 621 1099 667 suae
1123 612 1173 666 at-

162 748 232 818 que
258 722 429 792 adversae
461 721 573 815 partis
607 722 694 790 iniit
725 722 926 804 rationem,
963 745 1172 808 nonbseous

160 847 303 918 scilicet
327 843 491 941 probatis
518 847 681 917 hostium
708 845 918 917 navioribus
936 847 1001 940 qui
1025 871 1093 940 pro
1111 870 1190 941 par

161 974 232 1042 tria
269 972 414 1044 fortiter
447 973 691 1066 oppetissent,
735 997 843 1067 quam
877 973 988 1066 siquis
1024 999 1174 1044 suorum

162 1116 330 1168 strenuus
356 1096 547 1168 extitissett
579 1103 735 1169 Cunctos
752 1099 883 1193 igitur,
911 1122 999 1193 quos
1014 1099 1051 1167 in
1071 1095 1173 1167 bello

162 1221 423 1293 nobilitaverat
465 1223 620 1306 militiae
661 1222 953 1317 experimentum
996 1240 1033 1292 et
1074 1247 1174 1293 mors

161 1348 320 1440 inclytos
347 1348 499 1429 fecerat,
526 1346 665 1440 inquiri
696 1365 897 1439 prostratos
923 1366 960 1417 et
985 1347 1176 1446 magnifiee

164 1474 312 1569 sepeliri
343 1493 379 1544 et
411 1473 611 1570 sepulchris
649 1473 847 1547 honorari:
858 1473 970 1545 iubet.
1015 1481 1177 1545 Matrem

165 1625 255 1670 vero
281 1602 386 1670 Darii
411 1626 485 1670 una
511 1623 607 1685 cum?
624 1618 736 1667 uxore
763 1596 979 1693 filiabusque
1005 1602 1106 1672 cultu
1125 1598 1178 1670 re·
1237 1588 1275 1665 .-‘

166 1727 229 1820 gio
255 1724 561 1818 prosequebatur:
594 1745 634 1791 ac
666 1721 762 1814 siqui
786 1708 972 1816 praeterea
996 1727 1035 1793 iu
1061 1743 1180 1818 potes·
1261 1815 1265 1824 .

166 1864 281 1916 tatem
308 1850 471 1919 hostium
498 1847 728 1919 devenissent
760 1847 908 1920 fortuna
941 1851 1097 1945 pristina¹
1127 1848 1180 1919 di-

157 1973 350 2081 gnabatur
363 1972 402 2020 (α)
428 1975 625 2044 Enimvero
647 1972 816 2044 cecidisse
829 1991 916 2045 tunc
934 1973 1180 2065 Macedonum
1228 2000 1231 2006 ·

126 2089 132 2107 ⁶
167 2101 256 2170 satis
282 2115 423 2169 constat
447 2097 615 2193 peditum
630 2098 778 2192 quidem
803 2100 1063 2198 septingentos,
1082 2092 1199 2192 equi-⁶

167 2242 254 2294 tum
278 2238 629 2331 porroppe'nturnaet
656 2225 859 2321 sexaginta,
886 2223 949 2293 sed
975 2224 1183 2293 vulnerato·
1213 2206 1227 2219 Ἀ
1322 2234 1371 2247 ·

167 2377 253 2422 rum
279 2330 475 2419 numeriitn
491 2344 525 2398 (l)
552 2349 590 2417 in
616 2349 759 2418 duobus
774 2351 807 2397 ‘⁰³
834 2349 986 2418 milibus
1013 2350 1184 2418 extitisse.

170 2484 307 2548 Contra
335 2480 526 2542 Persarum
553 2472 750 2543 desiderata
788 2474 936 2565 quidem
961 2490 1116 2540 ‘centum
1151 2486 1187 2544 et

171 2600 310 2700 viginti
336 2590 461 2667 thilia:
495 2597 648 2691 praedae
675 2615 815 2677 autem,
848 2622 917 2665 una
946 2596 1102 2676 servitiis
1127 2620 1188 2691 pe-

171 2725 327 2816 cuisque
352 2721 414 2811 vel
440 2748 530 2816 quae
556 2720 758 2811 vehebant,
783 2722 937 2816 pecunia
962 2719 1036 2788 fuit
1053 2722 1188 2790 talenta

170 2867 335 2946 quatuor
359 2847 474 2918 milia.
571 2945 574 2951 ,
1355 2924 1375 2943 -„

256 2983 348 3049 LVI.
381 2972 450 3045 Sed
484 2973 616 3045 Darius
647 2968 733 3069 fuga
769 2997 931 3047 reversus
969 2972 1078 3070 longe
1112 2930 1381 3102 auc-‚Btefllf‘ff

123 3180 148 3213 a
173 3104 277 3176 tiore
303 3120 457 3172 numero
483 3115 690 3178 contracto,
724 3097 762 3165 in
786 3097 1032 3170 Alexandrum
1050 3065 1358 3205 Ιῐῐιοίὶεὲζιζζξζῖηῐ

124 3216 130 3233 '¹
175 3225 309 3311 batum
335 3228 482 3319 suisque
506 3222 668 3318 undique
693 3225 904 3304 convenire,
941 3216 982 3295 in
1015 3240 1194 3319 quantum

178 3379 315 3428 manus
346 3351 480 3422 armari
515 3335 754 3444 potuerat‘d>‚
782 3349 897 3424 iubet,
948 3348 989 3417 Id
1021 3367 1143 3420 autem
1161 3344 1196 3395 (⁰
1292 3360 1298 3368 '

182 3479 404 3572 conperiens
429 3473 632 3547 Alexander
657 3501 700 3544 ex
714 3476 813 3545 hisce
829 3463 1120 3568 exploratoribus
1134 3472 1199 3566 qui

183 3611 228 3680 in
256 3605 435 3675 ditionem
462 3599 711 3708 Macedonum
737 3599 982 3684 devenissent,
1006 3598 1202 3693 omniaque
1288 3636 1299 3645 -

187 3716 257 3806 illa
280 3730 384 3803 Darii
410 3729 515 3799 milia
540 3728 642 3797 iuxta
669 3729 877 3821 Euphraten
894 3743 1008 3822 castra
1022 3725 1204 3819 posuisse;

187 3881 1211 3908 Μ

225 3945 265 3995 (a)
285 3938 349 3985 cod.
374 3933 625 3998 dignabantur,.(b)
650 3935 712 3980 cod.
739 3933 875 3985 hominnm.
904 3936 939 3986 (r)
964 3934 1027 3981 cod.
1052 3938 1080 3983 in
1101 3929 1209 3979 duabus·

190 4017 236 4073 (d)
257 4020 296 4062 lta
316 4011 375 4059 cod.
392 4019 521 4071 potuerat·
535 4016 546 4047 ι·
597 4011 662 4055 cod·
679 4018 775 4054 tamen.
936 4074 978 4135 11
998 4060 1015 4096 *¹
1050 4094 1052 4099 .
