2776 4934
553 460 918 531 saturnum·
1006 516 1009 522 ,
1155 473 1215 532 sat

202 635 260 706 his
284 633 410 706 bestiis
434 651 679 718 memoratos,
706 631 916 707 admodum.
930 637 1054 709 animo
1072 633 1216 707 turbari

204 786 375 854 coepere,
410 761 510 830 haud
544 758 656 831 dubie
693 760 941 832 cunctabundi
974 762 1023 834 ob·
1055 764 1216 835 insolen-

202 882 500 957 tiam‘eiusmodi
524 886 679 983 proelii,
710 884 810 981 quod
836 911 908 958 uua
928 906 1022 960 esset
1046 913 1130 959 curn
1148 886 1216 958 ho·

202 1009 366 1082 minibus
398 1009 561 1082 barbaris
593 1031 632 1084 et
669 1013 876 1112 omnigenis
916 1013 1042 1086 bestiis
1079 1013 1216 1110 agitan-

202 1135 301 1209 dum.
327 1136 378 1241 'Id
411 1138 528 1207 animi
561 1162 690 1208 eorum
725 1164 802 1210 non
841 1139 937 1212 clam
968 1139 1216 1213 Alexandrum

202 1259 289 1332 fuir.
323 1268 421 1334 Nam
446 1263 525 1357 ipse
559 1289 706 1360 quoqne
735 1288 808 1335 una
839 1289 927 1336 cum
960 1265 1043 1348 [iis]
1082 1263 1233 1337 bestia·-

202 1411 288 1458 rum
313 1388 382 1459 ista
408 1389 573 1463 novitate
598 1387 824 1462 movebatur.

276 1518 321 1585 X.
358 1515 525 1611 Quaesita
552 1539 637 1615 ergo
663 1512 754 1586 belli
780 1517 941 1603 ratione,
968 1514 1217 1591 comminisci·
1267 1532 1375 1588 Alexan

203 1658 266 1711 tur
288 1666 355 1736 per
380 1641 551 1711 astutiam
577 1664 652 1734 quo
677 1638 827 1713 demum
852 1665 984 1738 genere
1003 1642 1119 1711 averti
1135 1617 1369 1759 pos-⁶3:¹⁸³

204 1785 260 1841 set
285 1767 431 1862 inpetus
445 1765 659 1864 bestiarum.
689 1765 807 1864 Igitur
820 1784 956 1838 statuas
968 1746 1094 1837 aereas¹
1107 1724 1247 1860 quamg

204 1891 384 1986 plurimas
409 1890 542 1963 advehi
565 1915 692 1961 secum
728 1889 933 1986 quibusque
966 1891 1010 1962 de
1042 1892 1220 1987 proximis
1260 1930 1264 1943 ·

206 2016 300 2086 locis
327 2016 373 2086 ad
400 2018 524 2088 locum
549 2015 684 2113 proelii
704 2012 829 2086 iubet:
858 2015 959 2111 quod
990 2015 1055 2086 ubi
1080 2016 1221 2089 factum

206 2158 278 2222 est,
305 2139 448 2212 ibidem
479 2142 557 2240 igni
592 2139 757 2212 subiecto
790 2164 901 2235 qnam
932 2141 1095 2237 plurimo
1130 2144 1241 2237 cale·¹

205 2263 286 2334 fieri
311 2252 432 2353 eastdt
456 2266 568 2365 igniri
592 2264 760 2338 festinat:
794 2284 969 2362 erantque
994 2293 1057 2338 eae
1082 2283 1223 2341 statuae

204 2408 290 2484 post
313 2390 450 2483 primas
475 2390 569 2459 acies
595 2407 633 2458 et
646 2389 795 2461 ordines
814 2392 923 2473 sitae,
949 2408 988 2461 at
1013 2418 1059 2462 ue
1073 2392 1126 2462 ita
1140 2410 1225 2465 anto

209 2510 302 2582 belli
328 2531 472 2604 tempus
497 2509 664 2580 hostibus
688 2511 907 2582 invisitatae.
941 2416 1140 2588 Enimvero
1159 2515 1226 2587 ubi

210 2640 313 2738 signa
338 2636 471 2708 bellica
496 2659 687 2730 crepuere,
713 2634 899 2729 primique
924 2664 1120 2712 concursus
1145 2657 1226 2738 par.

210 2764 310 2834 tium
336 2759 595 2859 sperabantur,
629 2763 711 2832 Indi
741 2760 889 2832 barbari
919 2763 1014 2835 feras
1045 2767 1130 2837 illas
1155 2764 1228 2839 be·
1282 2790 1284 2795 ·

211 2888 297 2959 stias
323 2912 390 2983 per
417 2912 456 2958 se
490 2889 544 2958 ire
576 2886 789 2972 dimittunt,
829 2890 881 2959 ita
912 2889 1052 2959 scilicet
1082 2889 1239 2987 doctas,-

208 3030 364 3085 ut·'cum
378 3015 555 3109 ¹primum
579 2998 813 3107 inl'adversos
845 3008 1127 3097 involavissent‚'
1160 3019 1228 3086 cir·

204 3164 326 3235 x‘caque
350 3164 413 3211 eos
436 3141 655 3235 proeli-asuri
680 3143 801 3212 hostes
829 3159 1105 3236 occuparentur,
1132 3141 1229 3213 nihil
1330 3172 1333 3181 ·

172 3310 186 3331 ψ,
212 3264 312 3338 Indis
338 3252 675 3359 supervenientibus
700 3293 827 3340 morae
852 3265 972 3349 fieret,
1000 3268 1089 3362 quin
1112 3263 1229 3337 libera

175 3390 397 3491 fiaculandi
430 3394 545 3464 hostis
582 3393 861 3489 trucidandique
895 3393 1047 3464 facultas
1076 3408 1229 3486 pateret.

202 3515 258 3589 dd
282 3516 346 3588 ubi
371 3515 512 3588 factum
538 3535 609 3599 est,
641 3491 830 3612 praedocti
856 3516 1108 3589 Macedonum
1134 3515 1232 3588 ordi·

217 3646 279 3713 nes
302 3643 416 3739 primi
440 3645 633 3738 paululum
658 3643 703 3713 de
728 3645 812 3715 loco
839 3667 913 3738 quo
941 3640 1155 3712 ‘institerant
1177 3666 1232 3711 re·

219 3766 409 3863 pedantes,
453 3768 585 3868 ignitas
628 3787 762 3842 statuas
801 3765 1072 3838 incursantibus
1106 3764 1232 3836 bestiis

216 3892 391 3991 produnt.
425 3898 522 3994 Quas
547 3920 633 3968 cum
657 3895 747 3968 falsa
773 3893 867 3968 facie
892 3895 994 3967 velut
1018 3895 1132 3964 etiam
1149 3913 1252 3991 can-¹
1286 3970 1288 3977 ¹

954 4029 1037 4100 15*
