2776 4934
249 1108 253 1116 ’
329 1086 414 1151 tium
422 1106 529 1145 errore
543 1081 741 1143 barbariores
752 1082 810 1142 Ale

78 1532 90 1553 ·
173 1477 245 1530 Laus
261 1490 319 1545 pss-

155 1580 190 1614 20
213 1578 320 1632 praecl-

154 1663 208 1718 pna
237 1646 318 1698 huius
392 1683 398 1696 .

152 1731 282 1784 historiae

155 1829 194 1869 est
224 1817 318 1869 latim·

154 1901 217 1954 tntis
228 1920 318 1955 ancre·

138 1990 141 1997 '
152 1999 283 2041 mentum.

335 409 394 466 106
642 408 822 464 norroms
842 407 1043 465 marano
1082 384 1084 388 ’

332 597 408 663 gum
418 571 639 645 confecerunt,
661 571 687 632 ii
706 567 852 654 quidem,
874 585 914 630 at
933 571 989 643 fit,
1011 565 1246 654 perscribendis
1259 564 1343 625 titu-

330 662 372 722 lis
395 662 487 720 unice
508 655 630 731 dediti,
651 654 773 717 nullum
797 655 993 725 edendorum
1013 660 1147 741 operula
1169 650 1343 713 consilium

333 747 489 804 inierunt.
519 742 595 803 Reli
620 741 666 817 ui,
681 743 739 824 qui
753 739 793 800 de
808 740 1035 805 Iulio'Valerio
1053 730 1168 824 (ouini
1188 737 1344 820 scriptum

330 852 397 891 non
411 827 580 911 viderant)
596 764 753 911 deinceps
776 827 877 887 locuti
900 841 998 902 sunt,
1022 824 1149 911 qrrsntis
1166 820 1342 883 ‘erroribus

331 937 367 974 se
383 912 602 999 imprudentes
625 908 878 988 obstrin'xerint,
900 914 979 974 satis
998 913 1033 973 in
1048 906 1274 995 superioribus
1289 904 1344 965 do·

331 1002 437 1060 coisse
462 1021 511 1057 me
529 1012 623 1084 puto.
654 997 735 1059 Sane
760 1018 857 1081 quum
895 998 1021 1099 lerispre
1064 993 1232 1081 ervulgato
1253 1013 1342 1053 men·

872 1021 922 1143 dri
938 1083 1026 1144 lutto
1057 1080 1255 1167 accognitet
1272 1099 1341 1137 curn

331 1171 498 1258 incognito
515 1168 599 1228 Iulio
617 1169 745 1231 Valerio
768 1190 836 1228 corn
865 1238 869 1245 ¹
892 1169 1052 1242 taretin,
1072 1165 1120 1225 nil
1136 1165 1262 1233 mirum·
1282 1177 1341 1236 est,

331 1276 387 1317 eos
407 1254 446 1315 ad
463 1252 684 1341 vestigandum
702 1254 877 1323 accuratius
897 1252 1195 1325 Iulium-Valerium
1209 1270 1278 1311 non
1296 1249 1342 1307 in·

330 1340 500 1416 cubuisse,
522 1360 628 1424 neque
645 1337 786 1400 eiusdem
801 1360 841 1399 cn
864 1338 1010 1399 lditatem
1025 1330 1101 1423 prae
1120 1357 1155 1395 se
1168 1335 1302 1397 nilisse.

392 1425 436 1485 X.
459 1425 555 1486 Nunc
573 1446 650 1485 vero
672 1426 724 1485 his
747 1362 911 1485 errorrlrus
933 1439 1093 1507 tamquam
1113 1428 1210 1483 nocte
1231 1418 1341 1504 depul-

330 1533 395 1589 sis,
418 1512 491 1594 quis
516 1524 659 1573 veterem
684 1524 717 1571 at
742 1508 905 1571 eruditum
926 1523 959 1569 ot
981 1506 1145 1569 disertum·
1159 1520 1195 1567 et
1220 1508 1340 1567 varium

329 1612 364 1657 et
385 1594 554 1656 latinitatis
576 1597 683 1680 copias
706 1610 876 1683 augentem
900 1594 1088 1679 scriptorem
1110 1612 1177 1653 non
1199 1589 1340 1652 libenter

331 1681 495 1765 excipiat?
517 1681 705 1765 praesertim
732 1703 830 1765 quum
856 1681 927 1740 eius
948 1680 1157 1764 praecipuum
1171 1676 1339 1738 consilium

329 1766 370 1828 ad
386 1765 629 1828 delectationem
642 1767 779 1857 legentis
794 1780 938 1850 spectare
951 1765 1113 1827 videatui'.
1143 1763 1338 1825 Athiotoria

328 1850 505 1919 Alexandri
529 1852 591 1912 hoc
612 1851 753 1933 ductore
774 1872 840 1911 non
861 1851 996 1912 multum
1019 1850 1156 1911 veritate
1176 1848 1338 1931 procedet.

329 1939 421 1998 Esto.
453 1937 554 2019 Saepe
568 1950 675 1995 tamen
692 1937 720 1993 is
736 1957 820 1996 nova
833 1936 886 1996 vel
901 1936 980 1994 mira
997 1932 1239 1995 existimabitur
1259 1933 1337 1997 dice·

326 2046 381 2095 re,
403 2043 473 2081 cum
488 2033 657 2104 pervetera
684 2034 718 2079 et
734 2019 861 2107 vulgata
879 2017 983 2096 dicat,
1006 2019 1063 2080 sed
1085 2018 1278 2081 iam'audiri
1290 2018 1337 2079 de·

327 2120 417 2167 sueta
432 2106 615 2189 plerisque:
640 2126 786 2188 quaeres
804 2126 844 2165 ex
862 2103 1124 2167 adnotationibus
1140 2108 1266 2169 nostris
1283 2104 1336 2166 cla·

326 2205 440 2252 rescat.
470 2190 565 2248 Nunc
587 2210 646 2274 age
665 2188 722 2248 isti
746 2191 831 2249 naris
862 2205 1025 2252 emunctae
1043 2190 1211 2251 aristarchi
1237 2192 1335 2276 plera·

325 2298 391 2360 que
409 2295 483 2333 sane
498 2287 628 2360 negent,
651 2272 724 2334 ficta
740 2295 811 2335 esse
827 2273 948 2337 dicant:
974 2274 1268 2361 quidvis=denique
1283 2294 1336 2360 po·

324 2364 392 2421 tius
413 2382 506 2443 quam
534 2359 757 2420 auctoritatem
779 2358 858 2419 Iulii
884 2362 1000 2425 Valerii
1024 2381 1059 2447 se
1105 2375 1213 2425 antur.
1254 2362 1335 2423 Num

324 2448 443 2533 igitur,
458 2446 493 2504 si
513 2444 597 2506 h'unc
609 2441 729 2504 librum
745 2446 923 2505 contineam
944 2447 979 2505 in
994 2383 1161 2523 tenderis,
1183 2445 1333 2510 latinitati

325 2535 421 2591 etiam
438 2533 562 2592 naviter
578 2528 762 2591 consulam?
782 2553 857 2590 num
874 2530 912 2590 de
923 2529 1052 2620 linguae
1065 2534 1158 2616 copia
1173 2532 1263 2596 bene
1274 2548 1334 2599 mo

321 2617 443 2678 rebor?
465 2617 554 2699 Quin
570 2615 633 2689 eia,
665 2615 727 2677 hoc
742 2615 843 2690 edito,
861 2615 945 2676 hene
960 2617 1068 2677 multis
1084 2616 1254 2683 vocabulis
1268 2620 1333 2706 plo·

321 2699 466 2786 rimuq'ue
487 2699 642 2784 loquendi
664 2700 809 2762 novitate
820 2701 955 2763 latinum
975 2724 1152 2764 sermonem
1173 2724 1333 2768 ornemus.

323 2787 454 2849 Utinam
471 2808 548 2850 vero
568 2784 659 2847 labor
672 2802 781 2847 noster
804 2788 937 2848 aliorum
953 2787 1143 2849 industriam
1163 2808 1259 2854 acuat
1276 2812 1333 2877 quo

320 2872 550 2957 pulcherrimae
574 2869 703 2958 linguae
725 2872 802 2932 fines
829 2869 973 2956 proferre
992 2872 1123 2962 longius
1146 2897 1182 2937 ac
1204 2875 1334 2953 dilatato

321 2957 487 3019 studeant!
511 2973 542 3018 at
568 2978 606 3014 ne
629 2954 668 3015 ad
685 2956 834 3043 grandem
858 2959 946 3033 illurn
966 2979 1022 3019 seu
1040 2981 1153 3022 vocum
1173 2983 1234 3022 seu
1253 2962 1333 3027 locu·

319 3044 445 3103 tionum
464 2980 678 3102 inauditarum
696 3040 891 3117 thesaurum,
913 3042 970 3125 qui
984 3043 1065 3105 latet
1078 3043 1180 3107 adhuc
1194 3048 1232 3107 in
1250 3070 1331 3111 mm.

319 3127 484 3191 codicillus
503 3142 535 3186 et
556 3123 718 3208 lapidibus
736 3141 769 3186 et
789 3122 1041 3213 diplomatibus,
1063 3130 1237 3192 intendere
1256 3132 1289 3197 d'
1311 3134 1333 3194 i·

317 3224 387 3273 tum
410 3209 531 3277 velint!
577 3211 726 3295 Quippe,
762 3228 799 3273 ut
827 3216 988 3298 sapienter.
1016 3230 1124 3276 monet
1153 3158 1332 3283 Frontollo

318 3313 451 3383 oportet
473 3307 595 3378 regiones
619 3302 761 3358 uerborum
780 3323 808 3361 ct
833 3308 919 3361 saltus
941 3312 1064 3376 nouisse,
1086 3325 1116 3364 ιι
1140 3292 1334 3387 aliquantis

316 3396 461 3464 opressit,
482 3380 613 3465 'perviam
640 3390 731 3460 potius
752 3393 790 3445 ad
809 3393 997 3468 vestigandam
1022 3414 1103 3469 qoam
1124 3398 1197 3452 iamin
1218 3418 1335 3476 progn-

316 3477 433 3532 diamur.

316 3610 1335 3639 -——-—--—-*---.--....................

361 3685 409 3768 (1)
434 3693 477 3748 Dc
498 3694 664 3752 orationibus
686 3699 734 3755 lib.
750 3702 773 3754 Ι.
795 3699 892 3771 fragm.
912 3715 955 3755 tv.
1041 3651 1044 3655 ·

698 3888 945 3911 0----·--.
