2776 4934
123 416 185 480 204
279 348 294 373 ’
413 407 681 475 numanum
700 406 839 473 acrvs

122 587 208 674 ,stis
234 580 403 657 accedis?
429 589 553 667 Anne,
578 579 719 677 inquit,
746 582 837 655 haec
859 578 930 657 tibi
948 582 1043 659 iarn
1067 602 1143 657 nte·

122 713 259 798 ,ditata
286 727 362 791 est,
387 724 438 778 ut·
454 708 513 777 illi
538 732 651 807 reguo
674 725 741 779 tuo
764 708 933 792 cerreda,
967 706 1147 781 Macedo·

121 839 248 923 ,niam
278 837 353 907 eiua
385 831 536 907 tibimet
563 856 642 907 non
673 830 899 905 vindicaris?
939 834 1051 931 Quin
1083 858 1148 931 po·

121 966 217 1049 ,tius
248 962 394 1033 imitare
426 957 642 1029 industriam
675 960 790 1031 hostis
821 958 897 1029 tuit
942 956 1055 1055 quod
1086 958 1150 1029 illc

122 1090 308 1175 ,lacunas
332 1084 379 1155 ad
402 1108 470 1155 nos
493 1085 614 1182 pergit
636 1106 680 1156 ao
702 1101 895 1180 properat,
919 1080 968 1153 id
984 1107 1059 1157 nna
1074 1082 1149 1157 bel·

123 1216 229 1300 ,lum
255 1210 398 1285 Graecis
421 1207 632 1281 inferamus.
666 1215 796 1304 Neque
821 1236 890 1311 ego
907 1204 990 1283 boc
1005 1211 1054 1283 irt
1067 1210 1147 1285 loco

124 1357 193 1423 „ut
226 1339 392 1437 ignaviae
430 1335 532 1407 testis
575 1334 823 1407 Alexandrum
859 1334 1145 1411 deformaverat

125 1464 239 1559 „quin
254 1462 293 1515 (α)
320 1465 450 1535 hortor
472 1462 531 1533 uti
553 1462 730 1557 exemplis
756 1460 834 1534 eius
857 1478 970 1535 utare
994 1480 1046 1535 tu
1067 1486 1142 1561 quo·

126 1614 230 1685 ,qua
267 1594 329 1664 Tu
351 1582 388 1639 (ὅ)
412 1587 523 1658 illum
548 1586 670 1659 videas
695 1612 761 1659 nec
779 1584 936 1661 ducibus
964 1610 1136 1685 necprar·

126 1696 358 1799 ,clausoribus
380 1712 644 1799 confidentem,
671 1714 736 1787 sed
750 1713 901 1786 sibimet
912 1711 1064 1787 laboris
1075 1736 1139 1787 om·
1178 1798 1181 1813 Ι

126 1840 206 1925 ,nis
233 1839 358 1912 officia
383 1838 655 1924 vindicantem,
681 1842 771 1913 haec
795 1864 902 1939 agere
931 1856 1138 1937 quacum

126 1984 254 2051 ,suntt
282 1990 375 2062 quae
398 1982 442 2035 tu
468 1989 633 2060 quoque,
666 1967 699 2037 si
730 1984 826 2039 recta
851 1966 978 2062 sapias
1010 1954 1138 2065 pc'r·¹-tt

124 2090 287 2174 ‚leceris
326 2087 445 2163 Viden
490 2108 533 2161 ut
571 2092 711 2185 primus
744 2091 860 2164 irruat
890 2092 938 2163 in
970 2088 1136 2191 proclia?

124 2217 250 2310 „prior
287 2216 434 2284 intonet
462 2212 667 2286 bellicum?
701 2218 804 2313 prior
827 2218 1038 2314 periculum
1056 2214 1136 2289 rub-

124 2336 236 2425 „eat‘l
273 2337 448 2431 depositis
481 2340 632 2435 quidem
665 2341 872 2441 insignibus
905 2346 1020 2449 regiis
1048 2342 1133 2415 dum

126 2486 209 2551 „est
232 2466 338 2537 miles
354 2461 409 2548 (ι),
435 2468 656 2561 recuperatis
680 2494 768 2541 vero
794 2496 881 2542 oum
914 2472 1042 2547 victor
1070 2486 1132 2543 cst:

126 2595 313 2677 >,nihilum
337 2593 507 2663 omnium
532 2592 806 2667 cunctabundus
844 2614 910 2667 aut
946 2596 1133 2671 differens:

125 2720 340 2802 „enimvero
366 2716 492 2799 labore
516 2720 701 2814 praesenti
724 2745 868 2817 semper
883 2725 1053 2797 consilia
1066 2722 1133 2797 sub·

125 2863 322 2929 „secutust

17 2970 113 3023 ⁰¹¹⁸ffi·
199 2976 311 3042 XXX.
347 2970 403 3043 Ad
427 2974 517 3044 haec
542 2974 691 3056 Darius,
717 2980 764 3044 Et
787 2971 965 3063 ubinam,
1006 2978 1134 3077 inquit,

5 3056 39 3107 ‘¹⁰
47 3075 113 3109 Μ’
124 3098 213 3167 haec
239 3092 308 3163 tibi
335 3093 380 3163 de
404 3078 678 3170 Alexandro'est
695 3100 948 3194 conprehensa
975 3100 1133 3177 noticia?
1176 3060 1179 3161 l

1 3141 87 3195 teudis

1 3226 222 3324 univer-Tum
247 3220 453 3309 Oxyathrus
478 3226 554 3294 eitts
578 3227 755 3320 temporis
779 3228 1010 3301 memoriam
1024 3230 1126 3307 reful

0 3329 111 3364 Μ’
124 3336 249 3439 ιμιοῡὓ
274 3340 320 3411 ad
345 3343 562 3439 Philippum
586 3351 717 3421 missus
750 3350 911 3445 petitam
944 3358 1133 3448 pecunias.

122 3466 169 3537 ab
199 3468 404 3559 Alexandro
438 3472 709 3549 adolescentulo
741 3477 852 3547 etiam
890 3495 988 3553 tunc
1028 3486 1136 3557 minas

121 3590 303 3666 eiusmodi
337 3598 555 3692 excepisset,
591 3616 678 3695 quas
710 3600 755 3673 de
791 3604 1055 3696 praesentibus
1086 3634 1136 3681 ex·

120 3719 366 3813 perireturss).
402 3726 522 3820 Quare
546 3721 637 3796 boni
662 3728 868 3799 consuleret
890 3754 959 3802 rex
986 3736 1135 3815 Darius,

163 3984 210 4063 (1)
233 3992 333 4043 Recole
353 3994 401 4045 lib.
425 3997 447 4047 Ι.
468 4012 525 4065 cap.
542 4010 587 4049 ιι.
