2776 4934
202 439 263 502 46.
560 431 860 514 murmurum

1051 503 1067 531 f

90 673 191 726 sontes
276 612 354 681 LII.
390 611 468 679 Nec
500 625 625 679 tamen
656 606 715 676 illi
748 633 793 678 ex
816 605 966 706 ingenio
991 605 1221 679 nostratium

27 758 192 828 spuduam-
202 731 366 804 fontium
380 750 476 802 sunt.
490 798 510 808 „
528 732 672 829 Quippe
689 729 887 828 praecalidi
902 732 1023 804 noctis
1048 757 1069 804 e
1090 731 1220 805 medio

27 862 193 983 ’ἑᾘῐῑθζὲδί-
202 855 337 930 sensim
371 856 525 929 meridie
549 856 688 956 frigent
712 858 757 926 ad
781 856 917 928 nivern
932 842 1066 956 gelidi:
1102 856 1230 928 exim·

26 1013 71 1068 lis.
204 1009 274 1079 que
315 998 477 1078 tepentes
507 984 563 1074 in·
582 983 700 1054 noctis
741 981 908 1054 medium
946 981 1218 1053 convalescrmt.

13 1126 16 1131 ·
67 1132 68 1136 ’
128 1130 137 1159 t
204 1109 323 1194 Salem
348 1132 496 1202 quoque
517 1106 714 1200 offendunt
737 1110 859 1180 nitore
884 1131 957 1203 quo
983 1107 1114 1201 purior
1139 1128 1218 1200 cry·

203 1234 348 1314 stallus,
372 1250 414 1317 et
438 1234 796 1332 saporegratissirno
821 1258 888 1305 ceu
909 1233 941 1303 si
967 1250 1044 1304 arte
1066 1229 1220 1321 condia·

168 1409 169 1412 ,
204 1375 284 1445 tur,
327 1358 447 1430 forma
472 1376 587 1430 terete
619 1382 692 1453 qua
717 1383 831 1430 ovum
856 1376 929 1441 est,
961 1333 1072 1453 paulo
1098 1356 1219 1428 maius

203 1509 316 1580 quam
359 1509 472 1555 ovum
514 1508 560 1555 ex
595 1507 737 1574 ansere,
778 1485 941 1593 longius,
980 1481 1219 1554 crassitudine

202 1628 287 1683 toto
313 1609 481 1705 pervium
505 1609 658 1680 lumine.
709 1610 879 1705 Denique
900 1609 1012 1679 exim
1036 1609 1141 1683 mola
1167 1632 1218 1680 sa·

205 1734 385 1819 crificanti
410 1760 489 1831 pro·
504 1751 585 1811 ture
605 1754 660 1806 est
686 1733 861 1806 odoribus
882 1732 1067 1806 efficacior
1081 1731 1144 1805 (Ι).

46 1927 193 1982 officulam
280 1865 374 1930 LIIL
412 1859 510 1927 Hinc
541 1860 655 1951 patris
683 1858 755 1956 Dei
793 1860 950 1947 oraculis
979 1857 1237 1961 confirmatur,

27 2014 164 2090 traditum
205 1980 418 2076 Memphim
434 1979 547 2071 redit,
575 2005 647 2075 quo
664 1981 735 2053 sibi
755 1983 955 2081 legationes
970 2009 1119 2085 graecae
1135 2013 1220 2061 con·

27 2097 406 2188 A¹⁰¹³¹¹d¹fflvenerantr
444 2113 492 2178 Et
509 2131 583 2176 eae
608 2104 773 2198 referunt
799 2110 923 2203 cupita
949 2112 1068 2184 nihilo
1094 2115 1219 2190 minus

203 2251 290 2306 voto
312 2232 496 2314 laetiores.
545 2232 781 2304 Athenienses
808 2259 954 2331 quoque
974 2256 1105 2334 captos
1133 2248 1220 2314 Gra·
1241 2212 1250 2239 ⁸

202 2359 280 2455 nici
299 2354 347 2410 (²)
373 2382 457 2428 suos
483 2356 694 2451 impetrant.
1112 2367 1115 2377 “

70 2533 192 2591 Alexan·
278 2491 370 2555 LIV.
408 2483 606 2553 Enimvero
638 2482 717 2576 ipse
748 2486 979 2582 cognominis
1009 2488 1082 2560 sibi
1115 2491 1221 2567 urbis
1261 2574 1263 2589 Ι

31 2622 79 2674 der
95 2623 117 2673 it
132 2638 193 2672 rur-
203 2614 280 2685 iam
306 2608 457 2683 conditu
478 2606 727 2690 adolescente,
753 2609 984 2707 surgentibus
1009 2615 1220 2704 moenibus,
1261 2606 1263 2619 ¹

29 2725 74 2760 sus
100 2718 193 2759 contra
844 2710 847 2714 “
1185 2723 1188 2727 ’

165 2782 168 2791 ·
203 2760 285 2812 turn
309 2736 401 2808 belli
426 2734 533 2806 rebus
555 2732 770 2833 civibusque
796 2734 979 2834 formatis,
1005 2744 1149 2834 Tyrum
1166 2773 1223 2819 re.

205 2866 277 2951 dit,
303 2867 414 2936 classe
429 2861 647 2958 praemissa:
665 2860 1032 2959 ‚Thapsacumquelll
1050 2889 1222 2963 receptus

207 2996 245 3064 in
262 2989 410 3069 urbem,
435 3011 524 3057 mox
537 2985 687 3072 duobus
702 2984 878 3082 pontibus
898 3011 1043 3059 amnem
1050 3014 1144 3074 ⁸eum
1169 2958 1230 3079 ‘sl'¹

204 3115 355 3196 transit,'
378 3111 543 3208 quamvis
561 3117 741 3189 Mazucus
754 3108 801 3192 (ὅ),
823 3112 952 3184 missus
974 3113 1078 3183 Darii
1102 3115 1222 3218 inter.

28 2793 150 2847 Darium.

249 3318 294 3390 (1)
316 3321 395 3372 Hunc
418 3317 500 3368 salem
525 3317 609 3386 probe
634 3317 759 3370 describit
779 3318 881 3370 Plinius
896 3330 987 3370 xxxr·
1009 3331 1073 3369 sect.
1093 3327 1134 3372 ³9.
1154 3328 1220 3396 qui.

206 3423 269 3457 cum
287 3406 316 3457 in
340 3404 463 3455 omnibus
487 3403 651 3454 consentiret
665 3404 768 3457 Auctor
785 3402 937 3466 itinerarii,
959 3401 1014 3455 uisi
1034 3403 1057 3456 is
1078 3407 1119 3458 sel
1139 3408 1218 3464 dice-

205 3503 280 3543 retur
297 3509 313 3541 a
329 3489 419 3542 Plinio
436 3490 556 3558 ingratus
573 3507 680 3560 sapore.

252 3573 295 3643 (2)
317 3574 417 3627 Recole
433 3574 554 3642 superius
576 3591 633 3644 cap.
654 3589 747 3626 xx111.

252 3657 296 3728 (ὅ)
320 3659 386 3710 cod.
401 3677 450 3729 pro
462 3657 691 3731 „Thapsacumque
706 3659 784 3711 hebet
801 3655 1044 3732 imminentemque,
1061 3662 1140 3734 ‘qnod
1154 3683 1216 3719 ιω.

207 3743 350 3814 rigendum
365 3756 421 3794 erat
436 3763 477 3799 ‚ex
494 3744 610 3796 Arriano
628 3745 679 3795 111.
695 3753 720 3797 70
855 3752 858 3759 '

251 3827 296 3899 (4)
317 3829 422 3897 Nempe
444 3827 620 3899 Euphronius.¹
994 3881 998 3889 ¹

253 3909 299 3988 (5)
322 3914 364 3964 Ita
388 3912 446 3964 cod.
468 3912 614 3967 Mazaeus.
641 3913 745 3967 Verum
766 3911 838 3983 apud
853 3912 1000 3968 Attianum
1020 3920 1072 3971 111.
1090 3928 1115 3972 7.
1145 3906 1218 3974 Dtoss

209 3999 306 4054 dorum
324 4012 404 4052 xvn.
426 4003 520 4062 met
544 3998 717 4070 Phrurchum
743 4012 783 4050 ert
807 4000 937 4068 Μαζαῖος.
982 4003 1019 4055 Et
1043 4005 1154 4077 quidm
1183 4007 1232 4062 ᾗ..
