2776 4934
1027 191 1109 265 aes..

343 344 404 405 240
627 332 894 401 ALEXANDRI
914 336 1067 399 OBITVS

342 516 479 597 »igitur
492 516 615 579 iturum
632 534 699 575 esse
717 511 908 598 confirmat,
928 512 1016 575 acsi
1037 509 1243 591 exploratio
1261 530 1363 574 secun·

12 673 15 685 .
121 667 131 695 .
342 647 361 683 >s
368 629 493 697 desset,
516 640 594 687 tunc
612 625 738 684 demum
758 645 816 685 nm
831 636 906 686 tuto
920 643 1016 703 posse
1031 624 1284 686 transmittere.

210 735 330 789 Philonis
405 732 527 796 XXVI.
558 739 688 799 »Sedet
717 734 882 799 sententia
900 732 1153 814 persuadentis,
1188 744 1297 817 atque
1318 734 1361 795 ita

170 825 298 875 mim·
343 844 523 905 »iussimus
542 843 638 931 fieri.
686 845 874 908 Conscensis
898 864 978 923 ergo
1007 842 1170 915 navibus,
1212 845 1367 923 protinus,

341 956 417 1013 »ire
435 953 629 1014 cdinsnlcm
644 955 801 1017 tendunt:
823 972 906 1035 quoe
914 953 1060 1035 quamuis
1069 965 1229 1033 propter
1240 954 1360 1019 obstan

341 1064 469 1126 »oculis
486 1065 671 1135 uideretur,
700 1065 747 1124 ad
770 1066 919 1142 integrae
942 1061 1046 1123 horae
1070 1074 1191 1125 tamen
1221 1065 1359 1143 spatium

342 1189 612 1254 »consumpserat
630 1165 887 1256 ›ravigantihns'
904 1174 1044 1235 Tandem
1052 1186 1135 1235 sunt
1153 1174 1231 1235 uisi
1244 1174 1360 1237 insulae

342 1286 542 1346 »institisse
590 1286 654 1347 Sed
671 1284 727 1346 ubi
749 1298 876 1365 gestum
901 1297 967 1355 est,
996 1303 1088 1345 omne
1114 1282 1159 1343 isi
1185 1283 1299 1345 solnm
1323 1306 1360 1347 re·

342 1417 359 1453 >r
366 1410 464 1475 pente
483 1416 635 1458 unacum
655 1397 737 1457 viris
755 1408 788 1455 et
803 1393 972 1472 sepulchro
989 1394 1080 1476 quod
1096 1390 1276 1455 visebatur
1290 1416 1361 1457 sun·

286 1488 298 1501 ⁴
342 1508 506 1567 »rrcersari
524 1509 608 1567 mari
625 1520 659 1566 et
674 1508 709 1566 in
722 1495 897 1590 profundo
921 1502 990 1565 labi
1010 1504 1265 1583 conspicamur.
1306 1506 1360 1567 Ne·

342 1636 429 1698 »qne
446 1616 531 1677 enim
548 1636 635 1678 vana
651 1610 812 1703 formido
839 1613 970 1675 ludebat
992 1614 1105 1675 oculos
1133 1614 1359 1679 intremescen·

343 1728 469 1799 netum,
487 1727 657 1791 'enimvero
673 1727 733 1789 illc
753 1726 908 1789 Philonis
930 1744 1017 1787 mors
1033 1736 1069 1785 et
1085 1723 1241 1787 exitium
1265 1746 1357 1791 eom

343 1838 430 1918 »qni
450 1858 516 1899 ussa
530 1836 701 1899 Philonem
725 1837 875 1899 comitati
889 1826 1046 1921 fuerant.
1099 1834 1240 1899 Territi
1266 1840 1356 1920 igiter

343 1946 561 2008 »detestabili
579 1959 682 2008 morte
696 1948 856 2009 sociorum
877 1945 1055 2025 indigenas
1079 1944 1248 2011 barbaros
1273 1953 1355 2013 rima·

343 2054 440 2125 »bam
458 2050 497 2101 (a)
507 2096 520 2128 ‚
543 2058 660 2139 siquid
672 2057 761 2120 notis
778 2057 818 2119 de
835 2057 954 2117 itinere
963 2054 1213 2123 consultarent.
1234 2066 1354 2125 Atcero

343 2164 478 2224 »nullus
495 2168 623 2243 uspiam
637 2168 775 2246 visitur,
796 2166 940 2240 locisque
961 2166 1105 2227 desertis
1130 2180 1169 2231 et
1187 2168 1353 2249 inlsospito·

327 2270 455 2333 ·>›libus
472 2293 531 2351 per
551 2286 626 2333 octo
641 2274 800 2351 posthinc
817 2278 853 2336 in
878 2275 1067 2338 memoratis
1087 2267 1128 2325 (b)
1151 2280 1219 2343 dies
1233 2279 1351 2363 egimus

344 2382 510 2446 »consilio
525 2381 760 2469 confirmando.
777 2428 787 2449 ι
1156 2441 1168 2460 ,,

176 2498 331 2555 Heldoma·
405 2489 545 2558 XXVII.
574 2513 593 2548 n
603 2494 682 2552 Tum
700 2494 760 2556 illo
767 2499 1008 2574 promuntorio.
1029 2500 1131 2563 cuins
1150 2494 1349 2589 suprafato

169 2586 228 2638 riou
243 2587 330 2640 aliae-
344 2617 421 2666 »est
439 2605 575 2675 mentio,
595 2603 730 2671 bestiam
752 2625 878 2689 quoque
899 2610 1042 2671 uidimus
1069 2614 1285 2695 praegrandi
1304 2612 1347 2677 el·

170 2690 220 2743 (μ’
230 2668 323 2742 sm
344 2715 498 2775 >mnodum
521 2727 555 2774 ct
567 2715 768 2792 inopinabili
785 2719 1031 2798 magnitudine,
1057 2743 1168 2803 quam
1185 2726 1346 2791 Hebion·

344 2825 490 2885 »dorion
505 2839 643 2896 vocant,
663 2827 745 2888 adeo
771 2829 942 2891 immensae
961 2834 1144 2910 potentiae
1171 2834 1230 2914 (⁶),
1259 2854 1294 2903 nt
1310 2836 1346 2901 illi

343 2927 534 3021 »perfacile
550 2938 736 2999 insistentes
754 2939 855 2999 etiam
880 2961 980 3018 super
1005 2942 1150 3007 dorsum
1178 2942 1344 3033 ¹elephantes

342 3064 572 3107 »cerneremus
595 3049 672 3108 Hac
686 3047 794 3125 igitur
812 3052 992 3127 spectaculi
1002 3043 1198 3137 foeditate
1216 3060 1343 3127 motiitt

342 3156 415 3214 >sad
435 3155 627 3215 Prasiccam
649 3157 858 3236 repedemus,
880 3182 941 3240 per
953 3164 1178 3249 querulique
1192 3174 1338 3237 nascitus

339 3263 474 3327 nnszslta
488 3255 642 3348 ferorum
667 3271 794 3328 nomina
821 3270 1001 3357 multasque
1022 3276 1206 3345 eiusnlodi
1238 3282 1334 3349 sante

341 3394 361 3433 >s
370 3373 461 3434 dinis
468 3365 587 3458 facies
607 3387 679 3449 erpt
704 3377 833 3438 videre:
861 3384 1063 3459 serpentium
1086 3410 1232 3475 quoque
1253 3408 1341 3479 μμ

341 3483 590 3560 »permiranda¹
635 3484 713 3545 Illic
732 3499 764 3547 et
783 3486 864 3549 solis
883 3491 1042 3575 lunaeque
1059 3490 1229 3583 defectus
1248 3502 1344 3570 emt

345 3610 431 3654 »nus
453 3594 553 3655 etiam
570 3594 733 3673 speculati
747 3618 874 3671 sumus,
896 3616 929 3663 et
943 3624 1058 3666 causas
1086 3606 1221 3679 hiemis
1245 3628 1281 3681 et
1295 3628 1345 3679 tes·

343 3759 1345 3799 Ἣ

379 3866 420 3917 (a)
434 3870 473 3912 Its
490 3867 545 3914 cod.
570 3864 606 3921 (b)
620 3869 681 3919 God-
699 3872 868 3920 inmemcraei.
905 3876 940 3926 (c)
965 3874 1027 3922 coe
1050 3876 1120 3927 adso
1146 3890 1240 3939 monn
1260 3884 1344 3953 Μ

346 3954 410 3989 rem.
