2776 4934
551 338 820 451 anaxannnl
1149 387 1190 448 sa

177 553 290 624 sacris
313 554 459 649 potitur
471 555 509 608 (ὓ
531 573 569 629 et
586 554 869 632 amoenitatibus
891 557 1037 632 aulicis:
1064 581 1192 654 quam·

175 679 231 750 vis
265 681 363 780 regia
394 683 472 782 igni
503 681 659 766 abolita,
698 684 786 755 odio
804 683 843 733 (θ)
866 688 986 759 Xersii
1013 685 1186 769 iniuriae,

174 822 260 876 tum
293 807 387 905 regis
413 789 664 902 voluptatibus
678 801 732 891 (ὅ),
768 811 838 884 etsi
871 809 1065 893 iomanis,
1102 807 1188 881 abo·

167 928 253 1001 litis
270 927 327 1001 ωε
362 930 504 1004 scilicet
532 951 579 1004 ut
601 934 721 1006 vicem
746 935 873 1007 damni
897 961 938 1007 ac
962 934 1054 1033 labis
1078 933 1186 1006 meri·

172 1072 274 1138 tum,
310 1081 420 1152 quam
452 1057 518 1129 ille
549 1057 736 1133 invexerat
761 1067 841 1159 Gra,
860 1061 930 1146 cis,
970 1077 1188 1157 repensaret.
1216 1057 1220 1070 '

249 1184 411 1253 LXVIII.
437 1184 536 1254 Hinc
570 1184 737 1256 Mediam
770 1184 808 1256 di
842 1186 898 1285 git
927 1185 1049 1258 studio
1083 1183 1188 1256 Darii
1219 1229 1363 1305 Persequi·

165 1305 359 1401 capiendi,
398 1307 480 1402 qui,
515 1309 547 1378 si
580 1309 732 1381 ulterius
762 1327 980 1409 urgueretur
1011 1310 1187 1380 insectan·
1201 1338 1244 1376 tur
1278 1317 1363 1376 Dari·

171 1433 272 1503 tium
303 1431 524 1527 pervicacia,
558 1436 713 1505 transire
746 1434 957 1508 decreverat
980 1431 1027 1504 ad
1050 1426 1256 1537 Hymet-'²¹²¹'
1314 1454 1319 1463 ·

171 1558 288 1626 niam.
348 1531 492 1652 Quippe
519 1559 655 1630 Darius
692 1567 819 1631 Bactra
851 1563 1066 1658 populatus,
1105 1578 1188 1632 tum

172 1679 350 1790 omnibns
375 1662 587 1774 adpetendis
612 1685 793 1778 corruptis
820 1705 883 1757 aut
907 1687 1108 1759 amandatis
1124 1683 1186 1771 (ὅ),

127 1807 130 1814 ’
174 1807 340 1900 dampno
371 1806 531 1904 regionis
549 1805 585 1857 (θ)
610 1825 736 1878 contra
769 1808 997 1905 insequentes
1027 1811 1208 1885 cavebat*

170 1943 225 2004 Ac
249 1930 371 2026 siquid
402 1929 476 2001 sibi
499 1931 641 2029 regium
667 1949 730 2002 aut
763 1932 808 2002 de
833 1932 970 2006 affectu
1003 1937 1103 2036 regio
1129 1962 1186 2007 su·

171 2057 397 2153 persederat,
438 2056 479 2127 id
512 2082 623 2128 omne
656 2057 733 2125 iam
757 2059 864 2150 Pylas
891 2061 1025 2155 caspias
1050 2063 1184 2160 relega·

170 2181 299 2266 raes),
327 2206 473 2278 unaque
497 2181 759 2254 comitantibus
783 2200 820 2252 et
843 2185 1004 2257 utilitate
1028 2185 1183 2270 devotis,

168 2327 213 2379 nt
239 2306 476 2404 opinabatur,
517 2333 610 2406 quos
633 2333 672 2382 se
697 2307 800 2404 sequi
815 2306 853 2367 (ὅ)
879 2320 1062 2410 coegerat,
1104 2336 1183 2383 mo·

167 2433 329 2538 rabatur.

246 2569 372 2635 LXIX.
399 2569 479 2658 Qua
505 2585 545 2631 re
569 2580 759 2657 conperta,
788 2561 1006 2634 duodecima
1031 2561 1185 2634 demum
1229 2611 1359 2672 Dertosa

171 2687 233 2758 die
257 2686 425 2760 Mediam
448 2686 653 2757 Alexander
677 2687 843 2769 advolat,
882 2688 982 2781 quod
1007 2688 1106 2761 exim
1130 2689 1362 2769 ul-Besoeapti-

168 2828 230 2882 tra
256 2807 421 2888 abiturus
444 2810 579 2881 Darius
605 2808 802 2889 ferebatur,
853 2810 922 2882 Sed
952 2812 1027 2883 iam
1053 2798 1361 2923 ἀίςῐεε-ζὲῗζίῑὲῗ

165 2961 254 3009 sum
279 2960 352 3007 una
375 2935 555 3007 thesauris
578 2934 785 3030 insequitur
804 2934 916 3033 'tutius
942 2934 1019 3008 diei
1043 2937 1185 3032 reliquo

163 3062 387 3135 intervallo:
422 3059 603 3156 nescitque
626 3084 647 3129 a
673 3059 878 3160 transfuga,
915 3077 1099 3156 pertaesos
1125 3087 1186 3134 co·
1292 3157 1294 3161 v

165 3189 278 3261 mites
310 3185 421 3285 fugae
455 3188 550 3270 eius,
595 3208 662 3256 eeu
693 3184 726 3255 si
759 3184 800 3255 in
830 3186 989 3286 gratiam
1009 3187 1183 3282 potioris,
1363 3162 1374 3176 ⁶

166 3314 325 3385 Darium
350 3311 483 3386 habere
508 3311 577 3386 sub
602 3310 781 3383 vinculis:
808 3318 940 3384 Besum
966 3339 1054 3386 vero
1080 3312 1187 3384 satel-

166 3439 273 3510 litem
298 3438 393 3538 regis
419 3441 496 3510 eius
528 3434 689 3536 insignia
713 3440 902 3534 recepisse.
953 3439 1070 3536 Igitur
1095 3456 1184 3511 voto
1262 3514 1265 3525 ,

196 3647 237 3698 (a)
252 3649 314 3695 (lod.
332 3645 430 3695 abdica
450 3646 527 3694 odito.
560 3643 596 3699 (b)
611 3647 683 3693 θοᾶν
698 3643 875 3693 salomanno.
912 3648 948 3698 (c)
965 3645 1026 3692 cot.
1042 3643 1183 3695 adolendis·

166 3717 213 3770 (d)
231 3720 292 3771 God-
315 3723 470 3772 mundatis.
498 3727 532 3777 (a)
556 3723 622 3770 cod.
648 3724 713 3786 regi.
747 3723 793 3779 (f)
810 3720 874 3770 cod.
894 3721 1029 3785 relegerat.
1060 3725 1100 3786 (5)
1117 3722 1182 3770 cod.

166 3808 238 3858 quae
253 3806 372 3846 secatam.

210 3950 256 4022 (1)
280 3953 409 4026 Sequitur
429 3951 547 4023 spatium
567 3922 647 4008 unitis
669 3952 802 4010 vocabuli.
