2776 4934
98 752 101 757 ¹
171 760 322 814 Alexandri

332 378 392 439 118
618 373 887 439 Anaxartnat
907 371 1046 437 oltrvs

243 540 245 545 ’
333 544 433 643 quod
457 546 548 621 adeo
573 522 748 621 fidentem
775 563 813 617 et
833 542 1062 643 intrepidum
1081 564 1169 615 enm
1194 554 1349 609 neutrae

225 675 417 747 Alterasuae
440 672 540 747 bona
564 674 719 745 asserere
744 670 956 743 intueretur.
991 656 1239 771 ¹'Igitur-'cum
1261 660 1350 733 vici·

332 822 379 867 na
405 822 527 870 rursus
559 799 688 881 civitas
714 792 760 867 tle
789 792 969 891 obsequio
998 792 1208 872 vacillaret.
1234 786 1352 869 ,datm

333 924 539 995 Alexandro
553 919 760 1019 expeditio.
808 918 930 1017 Pergit
955 942 1036 1015 quo.
1054 918 1172 989 iussus
1199 928 1269 985 est.

201 1092 323 1165 Philippi
406 1054 450 1121 X.
484 1038 684 1121 Enimvero
713 1044 1074 1153 intereaflPausanias
1101 1036 1264 1137 quidam
1290 1060 1353 1111 no·

168 1178 271 1231 caedes.
319 1174 456 1261 mine,
489 1192 571 1245 tum
592 1171 733 1243 divitiis
760 1155 912 1243 affludha
934 1188 1016 1243 turn
1040 1163 1176 1267 opibus
1201 1160 1353 1261 potens,

335 1326 382 1371 ex
405 1300 546 1394 oppido.
565 1298 848 1375 Thessalonicae
872 1292 1027 1377 nobilis,
1051 1290 1094 1361 in
1111 1284 1354 1385 'Olympiadis

331 1422 558 1497 desiderium
576 1447 815 1525 amoremque
830 1422 957 1499 animo
971 1418 1163 1514 prolapsus
1179 1430 1251 1487 est.
1288 1410 1353 1509 Qui

329 1572 424 1619 cum
458 1573 525 1642 per
555 1548 802 1621 internuntios
836 1545 1115 1643 adtemptasset,
1144 1556 1196 1613 'et
1220 1536 1354 1611 mulier

336 1674 560 1747 consentiret
583 1692 627 1744 ut
651 1674 793 1746 deserto
818 1670 992 1767 Philippo
1017 1669 1064 1742 ad
1084 1692 1162 1749 sese
1185 1684 1352 1741 transnu·

336 1798 457 1882 beret,
485 1800 598 1894 idque
614 1799 650 1871 ei
669 1824 716 1871 ex
726 1798 910 1901 sententia
928 1794 1158 1894 provenisset
1166 1790 1211 1868 h>
1216 1814 1231 1875 3
1244 1870 1247 1875 ,
1259 1812 1353 1863 com·

338 1926 483 2021 periens
507 1922 634 1996 -filium
659 1922 847 2017 Philippi,
883 1922 986 1995 cuius
1016 1918 1109 1995 adeo
1135 1912 1352 2001 fotmidolu·

338 2074 422 2119 sum
438 2049 478 2116 in
501 2071 631 2119 omnes
645 2049 794 2133 *accolas
818 2064 895 2118 erat
919 2070 1075 2129 nomen,
1102 2062 1260 2145 peregre
1276 2064 1349 2139 pro·

340 2148 520 2255 factums-
544 2188 801 2268 certamenque
814 2244 817 2251 ,
832 2171 1022 2264 thymelae
1036 2170 1076 2223 (ὂ)
1113 2188 1207 2243 tunc
1244 2168 1305 2269 agi
1331 2188 1348 2237 a

339 2295 514 2392 Philippo
538 2296 786 2392 praesidente3
812 2312 961 2392 repente
984 2294 1165 2370 satellicio
1191 2294 1348 2393 stipatus.

340 2421 478 2493 strictis
516 2421 646 2521 gladiis
678 2422 862 2494 theatrum
896 2423 1023 2510 irruit,
1071 2420 1348 2515 Philippumque

341 2545 495 2619 vulnere
517 2542 717 2641 praevenit.
769 2550 958 2645 Quicum
987 2548 1096 2619 altius
1131 2562 1170 2617 et
1197 2546 1348 2619 letaliter

343 2671 440 2745 ictus
465 2690 573 2755 esset,
599 2673 718 2745 veluti
738 2673 858 2755 caedis
882 2674 1113 2749 absolutione
1137 2676 1291 2747 securus
1314 2666 1350 2743 ad

344 2798 484 2896 regiam
512 2802 704 2879 Pausanias
742 2818 939 2896 properato
980 2799 1149 2883 festinat,
1186 2816 1301 2897 raptu
1317 2792 1348 2849 ω

343 2922 485 2993 scilicet
510 2922 737 3018 Olympiadis
762 2922 943 3000 desiderio
971 2926 1214 2997 consulturus.

173 846 320 917 expeditio.

388 3097 434 3167 (1)
457 3098 652 3166 Olympiadem
667 3117 776 3153 causam
786 3101 938 3171 praebuisse
947 3102 1067 3174 Philippi
1082 3088 1352 3193 neet'namntfl-

282 3240 285 3245 ‚
345 3183 503 3243 Plutarchus
519 3180 709 3254 Alam-16.
731 3198 759 3239 et
771 3187 890 3240 Iustinus
907 3203 953 3241 11.
969 3196 993 3241 7.
1016 3202 1181 3243 nontamen
1198 3209 1234 3243 eo
1251 3190 1352 3247 nanim

346 3267 421 3344 quod
441 3266 601 3323 Pausaniam
624 3282 744 3335 amaret,
766 3271 815 3324 sed
832 3273 895 3345 quia
915 3272 1023 3327 infensa
1039 3274 1166 3345 Philippo
1189 3276 1225 3328 cb
1246 3279 1353 3349 Cleopa·

348 3369 407 3407 trse
423 3353 529 3425 nuptias
543 3354 706 3408 Pausaniam
722 3356 775 3409 alia
794 3357 828 3408 de
852 3375 932 3411 causa
950 3358 1039 3411 eidem
1056 3360 1185 3431 Philippo
1204 3361 1312 3417 iratum
1325 3358 1354 3413 td

346 3440 451 3493 facinus
466 3437 689 3492 exstimulaverit.

390 3522 436 3595 (2)
459 3524 579 3578 Isidorus
603 3524 697 3600 Etym.
715 3543 808 3585 xvtn.
827 3535 869 3583 47.
890 3527 949 3582 aits
983 3527 1139 3603 Thymelici
1165 3548 1250 3587 erant
1273 3532 1356 3588 marici

349 3611 446 3661 scenici
469 3611 515 3682 qui
531 3611 558 3660 in
573 3614 683 3682 organis
705 3627 732 3666 et
747 3611 819 3686 lyris
835 3628 863 3667 ct
879 3614 988 3669 citharis
1003 3614 1204 3687 praecipiebant.
1243 3618 1283 3673 Et
1297 3618 1356 3672 dicti

350 3692 492 3765 thymelici
511 3694 583 3767 quod
600 3696 665 3748 olim
685 3700 713 3748 in
727 3698 863 3753 orchestra
882 3712 984 3752 stantes
1006 3700 1152 3752 cantabant
1167 3719 1255 3774 super
1270 3702 1356 3777 pulpi-

351 3789 422 3840 tum,
442 3779 512 3850 quod
531 3778 651 3852 thymele
671 3782 827 3835 uocabatur.
864 3788 923 3837 Iam
943 3785 1089 3837 certamina
1109 3786 1214 3841 musica
1239 3808 1276 3843 eo
1295 3802 1355 3843 teu·

348 3878 415 3934 pore
431 3863 567 3933 proposita
585 3883 601 3916 a
617 3866 745 3936 Philippo
763 3878 854 3919 narrat
874 3868 958 3922 etiam
976 3870 1113 3926 Diodorus
1130 3886 1198 3926 xvt·
1214 3878 1262 3927 91.

392 3940 439 4022 (ὅ)
463 3946 560 4019 Rapta
578 3951 742 4009 archaismus
766 3969 816 4024 pro
837 3954 937 4026 raptui.
