2776 4934
323 356 384 412 eto
603 344 1046 414 Attxnnnltlonlrvs

321 546 389 608 ‚ne
415 518 546 591 frustra
585 518 784 592 laboretur.
825 519 964 617 Quibus
998 519 1204 593 omuibus
1229 520 1346 606 doces,

321 643 441 741 ,quod
466 670 533 716 nos
559 669 704 741 quoque
730 646 882 716 alacrius
914 644 962 715 ad
991 672 1061 719 vos
1095 646 1265 720 tendere
1301 648 1347 719 de

321 771 514 855 ,beamus,
538 772 634 843 unde
647 772 767 843 -nobis
792 774 882 843 haec
897 789 1027 843 cuncta
1056 798 1161 868 quae
1180 772 1280 847 adeo
1297 800 1347 846 vos

320 896 560 993 ,praedicatis
586 898 813 969 accesserint.
848 904 979 967 Fateor
1012 901 1124 971 enim
1154 900 1263 971 nihil
1288 924 1345 969 esse

321 1025 503 1106 ,Graeois
521 1022 700 1095 eiusmodi
738 1046 895 1116 quorum
931 1046 999 1091 vos
1033 1021 1196 1097 divitiis
1233 1026 1345 1124 gloria·

321 1148 457 1231 ,miui‚
484 1166 591 1243 atque
615 1146 751 1219 idcirco
778 1148 982 1247 indigentes
1008 1148 1239 1223 meliorum
1266 1176 1342 1222 avo

321 1272 400 1358 ,bis
427 1291 551 1370 petere
575 1274 784 1345 necessaria.

397 1403 491 1472 VIII.
526 1398 645 1480 „Illud
670 1423 758 1469 vero
784 1394 1005 1479 ridiculum,
1034 1414 1080 1467 ut
1106 1423 1210 1471 cum
1236 1418 1274 1473 te
1297 1401 1340 1471 ho

321 1522 525 1610 „munculis
550 1521 748 1616 praeferas,
776 1542 858 1596 tum
884 1523 965 1594 Diis
982 1545 1148 1617 quoque
1175 1528 1338 1621 potiorem

323 1676 422 1736 ,esse
446 1648 684 1743 pronunties:
713 1647 812 1743 quod
836 1649 877 1718 ni
908 1645 1052 1718 adesset
1090 1648 1243 1723 litteris
1267 1634 1336 1733 tuis,

323 1779 386 1863 „in
412 1774 562 1869 reliquis
589 1771 723 1845 fiducia
748 1772 979 1844 fortitudinis
1001 1771 1083 1843 dici
1104 1794 1251 1868 posset.
1266 1784 1336 1874 Quo

325 1904 454 1989 ,niani
485 1926 574 1974 vero
610 1896 716 1969 'hisce
749 1923 825 1969 non
859 1916 1045 1993 temperas
1061 1900 1134 1984 (α),
1172 1903 1335 1974 temeritas

275 2108 282 2113 ,
324 2030 475 2122 „utique
503 2044 556 2096 est
582 2024 830 2121 intelligenda.
873 2031 994 2121 Quare
1026 2025 1152 2103 sicuti
1180 2026 1249 2099 tibi
1270 2051 1336 2099 con·
1369 2088 1372 2095 .

324 2152 519 2235 „stantiam
538 2147 663 2245 ,fingit
686 2152 751 2221 ille
784 2168 1043 2244 contemptus,
1086 2154 1199 2225 velut
1229 2176 1338 2225 earnm

322 2274 489 2357 „fortuna
516 2273 683 2368 gentium
720 2275 877 2345 minime
908 2263 1117 2363 moveadffis·
1147 2304 1232 2373 quae
1260 2294 1338 2349 sunt

323 2424 366 2483 „a
393 2396 500 2468 nobis
526 2395 637 2466 bello·
652 2416 859 2493 superatae,
897 2400 950 2469 ita
976 2424 1049 2471 nos
1080 2426 1229 2499 quoque
1252 2405 1336 2474 nihi·

323 2526 427 2607 „lum
452 2524 606 2595 omnino
632 2525 784 2596 terrebit
808 2524 1008 2597 verborum
1025 2525 1104 2599 ista
1122 2528 1335 2631 magnificen-

325 2652 420 2733 ,‚tia‚
446 2675 538 2745 quae
563 2651 780 2721 temeritatis
813 2668 953 2722 vestrae
985 2648 1110 2723 index
1150 2658 1272 2751 potius
1296 2672 1336 2729 est

325 2766 461 2872 „quarn
486 2777 716 2849 fortitudinis
729 2792 754 2846 t.
815 2816 819 2823 ·

162 2924 313 2981 podem.
399 2907 461 2973 IX.
494 2905 560 2974 His
585 2905 688 2975 lectis
714 2909 827 2975 Porus
858 2899 904 2971 ad
934 2900 1028 2973 belli
1060 2908 1201 2982 studia
1233 2909 1332 2983 iueitt·

152 3013 229 3069 dm·
321 3028 444 3101 batur.
481 3030 586 3127 Cogit
617 3054 704 3127 ergo
740 3027 942 3099 exercitum
972 3044 1016 3099 et·
1050 3036 1329 3135 quamphrriuot
1364 3105 1369 3131 ἱ

323 3154 536 3248 elephantos
573 3172 765 3250 ceteraque
809 3176 938 3253 genera
973 3150 1195 3258 beptiarum
1232 3158 1322 3261 quit·

318 3278 406 3351 tndi
431 3277 665 3349 conmilitant
682 3279 742 3360 (¹),
777 3297 978 3372 contraque
1001 3304 1068 3354 eos
1097 3259 1317 3363 ΜαιςοιὶοῐιΙ

322 3424 361 3477 et
384 3412 577 3476 Persarum
602 3402 725 3474 aderat
759 3400 975 3480 multitudo.
1016 3408 1241 3500 Enimvero
1271 3431 1326 3485 m

321 3531 410 3602 illos
424 3530 520 3600 'Pori
545 3553 717 3601 numeros
732 3527 951 3599 Macedones
969 3528 1221 3609 intuerentur
1235 3524 1325 3611 mn

1045 3662 1326 3689 -m-d

357 3709 395 3760 (a)
416 3710 480 3757 cod.
498 3722 635 3771 temperat.
664 3707 699 3762 (h)
718 3708 782 3755 cod.
801 3722 910 3771 rerutque.

367 3839 414 3917 (1)
439 3849 524 3901 Canes
544 3851 655 3923 quidem
672 3848 777 3900 indicos
789 3848 882 3899 solitos
896 3846 1006 3917 agmina¹
1020 3849 1158 3907 comitari
1175 3853 1247 3909 dicit
1261 3854 1322 3905 Hen-

322 3931 400 3983 dotus
423 3947 478 3986 vn.
500 3943 557 3987 187.
