2776 4934
99 401 139 463 56
458 378 753 465 ΙΤΙΝΕΜΒΝΜ
773 376 777 381 ’

99 570 294 667 pennatior
324 590 362 644 et
392 599 455 668 spe
488 550 818 670 varignani&
844 567 996 643 e't'viae
1031 588 1116 636 mus

101 697 284 792 asperiore
302 696 507 794 conpendio
523 696 565 767 id
584 696 771 770 elaborare
792 694 1018 792 acl-pretium
1037 713 1117 806 mo·u

100 846 162 893 rae
194 822 473 894 abscindendam
507 823 681 918 inopinus
699 817 735 875 (ἦ)
759 819 971 919 supervenit
1001 823 1117 898 Beso,

102 945 429 1046 confligentemque
462 947 622 1044 dampno
654 973 730 1021 non
763 949 838 1020 levi
868 940 1052 1040 dispergit
1082 954 1121 1010 et

103 1071 242 1142 dissicit
258 1100 328 1169 per
344 1075 536 1271 ruffam
554 1073 638 1172 fuga
661 1072 705 1144 de
724 1074 849 1146 medio
864 1071 900 1122 (θ)
919 1068 1120 1162 dilapsum.

96 1174 230 1293 'Ibique
247 1199 416 1294 reperiun
438 1228 441 1233 ·
483 1200 602 1272 arium
622 1202 853 1304 intersectum
868 1224 892 1271 a
907 1194 980 1269 suis
994 1188 1041 1245 (ά)
1056 1191 1121 1288 qui

104 1329 195 1394 Beso
224 1348 297 1394 uua
330 1324 519 1424 fugissent.
570 1332 688 1423 Quare
717 1350 849 1420 corpus
866 1320 1030 1420 quidem
1055 1321 1120 1392 ho·

105 1469 197 1519 nore
210 1449 323 1546 regali
338 1452 522 1523 maiorum
545 1452 835 1557 eiussepulchris
857 1447 989 1520 inferri
1002 1444 1120 1524 iubet.

181 1581 292 1645 LXX.
316 1581 398 1671 Ipse
420 1603 508 1650 vero
529 1580 753 1672 Hyrcaniae,
782 1574 914 1672 quibus
930 1573 1058 1645 visum
1078 1570 1123 1642 ad

0 1634 2 1669 Ι
9 1641 94 1677 0181!-

0 1715 94 1762 esum
105 1702 294 1802 ingenium
318 1692 394 1772 loci
419 1728 460 1774 ao
494 1705 672 1800 temporis
698 1701 989 1795 reversionisque
1022 1702 1121 1774 coni·

7 1796 90 1857 uritur.
104 1826 262 1897 modum
286 1829 542 1920 superpositis,
570 1835 702 1898 Besurn
722 1828 944 1922 insequitur,
971 1825 1028 1897 sic
1049 1825 1121 1898 ani·

104 1972 168 2020 mo
194 1946 360 2019 firmatus
386 1967 428 2019 ut
457 1950 718 2044 quadrifariam
735 1950 774 2002 (Ι)
798 1951 943 2051 fugiens
968 1934 1119 2024 vallare·

105 2089 178 2143 tur.
228 2076 395 2169 Denique
420 2072 486 2143 ubi
511 2099 658 2172 campos
682 2079 861 2176 ingressus
888 2094 961 2160 est,
985 2077 1119 2149 victori

39 2232 41 2237 ·
105 2223 144 2268 se
170 2195 309 2268 dedunt
332 2197 532 2271 Abraxares
558 2226 629 2272 una
655 2204 927 2299 Phratapherne
955 2218 1117 2304 satrape:

11 2416 14 2424 θ
105 2312 216 2402 Besus
234 2323 419 2395 elabitur.
472 2331 550 2421 Qua
569 2351 666 2404 ,cura
700 2326 865 2424 deposita
895 2354 960 2400 seu
985 2328 1116 2415 dilata,

104 2472 188 2519 suos
214 2475 279 2544 per
311 2452 392 2522 loca
418 2449 531 2532 belli,
567 2452 692 2551 siquos
724 2455 938 2550 reliquerat,
973 2479 1118 2557 congre·
1159 2506 1161 2511 -

60 2586 63 2590 ’
106 2575 184 2674 gari
209 2576 327 2660 iubet,
363 2577 582 2675 refectisque
617 2580 675 2651 his
701 2581 886 2675 quatridui
919 2607 1025 2655 mora
1051 2586 1117 2660 Xa-

106 2720 247 2771 zacerta
269 2703 324 2773 ire
343 2702 557 2776 accersitu>
582 2704 714 2779 urbem
736 2708 816 2778 illic
839 2708 935 2778 nihil
958 2711 1119 2804 optimae

106 2827 417 2932 posthabendam,
451 2855 564 2926 quam
587 2834 778 2925 praemissi
801 2833 842 2902 in
867 2835 939 2904 hoo
965 2833 1011 2904 ab
1037 2839 1120 2912 Ale·

107 2952 245 3024 xandro
254 2952 549 3025 moderabantur.
572 2955 642 3031 sed
655 2972 876 3026 concurrunt
890 2957 992 3050 prius
1008 2963 1124 3035 etiam

108 3078 372 3174 impedimenta
399 3079 555 3176 agminis
578 3079 741 3150 universi
761 3075 808 3132 (f)
833 3081 917 3152 loco
949 3077 1041 3150 belli
1067 3112 1126 3161 re·

109 3206 214 3288 licta,
247 3203 434 3298 accitaque
465 3220 551 3298 post
582 3201 632 3272 id.
682 3204 742 3275 Sic
766 3205 867 3275 enim
902 3206 1002 3306 regia
1025 3209 1125 3286 iussa

109 3331 423 3430 praescripserant.
472 3336 526 3400 Ac
550 3327 647 3423 siqui
670 3329 715 3400 ab
743 3328 832 3404 πᾳ)
858 3329 1023 3402 distracti
1047 3333 1126 3409 for·

136 3557 176 3608 (a)
194 3557 308 3603 Itucod.
327 3556 381 3603 niti
404 3555 486 3602 mavit
505 3555 620 3616 ignitior.
648 3551 683 3607 (b)
700 3553 760 3599 Ood.
787 3555 882 3612 impin.
910 3556 944 3606 (c)
961 3555 1022 3600 cod.
1040 3557 1126 3617 parba

110 3627 180 3675 elam
191 3630 284 3690 fugere
299 3630 389 3678 medio.
417 3631 458 3685 (d)
476 3631 539 3678 cod.
556 3627 642 3692 Ibique
651 3630 784 3687 reperiunt
797 3632 825 3676 in
836 3643 914 3674 arma
925 3633 987 3677 suis.
1014 3631 1050 3685 (e)
1062 3633 1126 3682 cod.

16 3768 19 3775 (
110 3703 244 3752 discernit.
277 3708 322 3764 (f)
341 3707 406 3752 cod·
424 3707 496 3752 rarsi.
522 3708 562 3767 (g)
580 3707 642 3751 cod.
661 3719 692 3752 ac
707 3705 787 3760 siquis
803 3703 842 3749 ad
857 3718 891 3751 sa.

154 3874 199 3946 (1)
222 3876 353 3930 anianus
369 3881 420 3935 111.
439 3888 481 3934 23.
498 3878 538 3935 ait
555 3879 740 3953 Alexanirum
755 3881 931 3955 insequutum
948 3901 1006 3936 esse
1024 3886 1127 3939 Besum

109 3962 247 4038 tripartito
269 3963 396 4017 exercitu.
