2776 4934
367 476 370 481 .
470 428 549 490 sev
570 429 702 492 muru
722 430 781 493 111.
946 514 949 519 ¹
1066 438 1127 501 rer

146 595 262 691 ique
287 597 380 668 ratio
406 601 476 669 ista
502 597 665 670 bellandi
690 603 738 674 sit
763 605 901 688 suavis,
938 606 1001 679 sed
1036 633 1125 704 quo·
1195 664 1199 675 .

146 744 233 793 Em
259 725 426 794 animum
451 748 577 796 meum
611 725 719 799 ardor
750 730 960 803 istiusmodi
993 734 1124 804 volun·

146 846 215 920 Hs
242 849 448 932 incesserit,
476 849 636 937 decedo,
663 875 704 922 ac
727 856 975 927 ministerium
1000 882 1128 929 meum

146 992 222 1047 ,to
250 973 428 1071 quidquid
454 973 499 1045 de
524 976 595 1046 hoc
620 975 747 1050 labore
773 980 973 1077 perfecero·

165 1104 294 1171 XXII.
334 1100 525 1194 „Denique
559 1099 737 1174 facessant
781 1108 851 1178 ista
899 1108 944 1178 de
979 1107 1125 1191 mediot

146 1249 224 1294 uae
249 1224 324 1293 iam
349 1245 457 1298 erunt
482 1227 579 1299 inter
612 1229 784 1303 homines
811 1232 1025 1304 discrimina
1051 1230 1128 1303 for·

146 1348 332 1419 marum?
359 1376 450 1445 quae
477 1350 600 1447 dispar
625 1356 719 1427 ratio
746 1355 914 1455 gloriae?
950 1380 1043 1451 quae
1074 1354 1127 1424 di·

146 1473 279 1544 rrsitas
304 1474 558 1575 dignitatum?
584 1479 666 1574 quis
692 1483 773 1553 voti
787 1479 947 1554 modus?
974 1480 1128 1551 Desinet

146 1598 297 1670 'otinus
323 1602 398 1672 coli
432 1620 552 1688 terre,
589 1606 792 1705 transmitti
826 1631 946 1689 mare,
988 1604 1128 1676 deside·

146 1725 199 1794 xi
213 1725 252 1774 (a)
280 1728 471 1811 successio,
498 1754 584 1798 cum
609 1729 673 1799 illa
707 1722 918 1824 promptior
949 1728 997 1799 sit
1022 1745 1128 1798 natu·

157 1876 189 1920 e
215 1851 377 1923 hominis
404 1851 600 1925 admiratio
627 1878 703 1924 non
736 1853 854 1924 videri
872 1848 907 1904 (ὅ)
935 1879 1026 1949 quae
1050 1879 1127 1923 me-

159 2001 205 2047 as
218 2025 231 2059 ‚⁴
256 2003 340 2049 cum
374 1979 586 2050 meminisse
619 2003 696 2050 uon
731 1977 872 2050 desinas
907 1978 1126 2049 desiderato·

146 2126 226 2173 nm.
262 2104 413 2173 Etenim
440 2103 568 2198 quanti
594 2090 790 2197 qualesque
815 2128 985 2175 meorum
1010 2103 1124 2174 etiem

146 2227 278 2298 :oeliis
311 2225 506 2298 cecidere?
546 2227 674 2323 quami
709 2254 797 2299 vero
830 2228 955 2323 adepti
987 2225 1123 2299 deside·

146 2350 235 2422 ta?
269 2357 371 2423 Norr
383 2377 429 2423 ex
444 2351 598 2423 illorum
615 2352 856 2426 incommodo
870 2350 1124 2423 conditionem

146 2498 247 2557 tam,
275 2473 338 2544 sed
363 2497 407 2542 ex
432 2474 512 2566 ipso
539 2493 723 2565 proventu
748 2475 1018 2546 beatitudinem
1047 2500 1124 2543 me·

146 2619 273 2671 untur
290 2597 337 2666 (ὃ).
369 2601 470 2667 Haec
495 2594 653 2691 denique
678 2623 750 2669 una
777 2597 926 2669 vivendi
957 2599 1017 2668 lex
1050 2615 1122 2681 est,

146 2727 225 2797 elle
257 2747 557 2820 unumquemque
597 2721 698 2816 quod
731 2748 842 2819 penes
874 2723 1029 2792 alterum
1069 2722 1123 2793 vi·

146 2868 238 2935 eat„
256 2870 298 2922 ut
322 2848 456 2921 hebeat
492 2848 571 2943 ipse
596 2870 744 2943 quoque
760 2826 869 2945 'quod
894 2872 983 2918 mox
1006 2865 1121 2917 trans·

146 2980 250 3050 uittat
263 2974 304 3031 (Α)
330 2976 376 3048 ad
401 2989 574 3045 ceteros«.

165 3104 290 3173 XXIII.
328 3107 394 3168 His
419 3103 542 3165 talibus
566 3098 601 3151 (θ)
633 3121 704 3162 cum
727 3121 794 3165 sese
818 3114 896 3165 tuuc
929 3101 1121 3164 Alexander
1136 3118 1287 3222 F‘fffLso

146 3211 354 3294 mutavisset,
388 3208 481 3299 quun
507 3214 575 3275 iter
597 3231 733 3292 prorsus
761 3215 950 3298 exsequitur
979 3214 1120 3275 arduum
1193 3224 1245 3269 SA.
1287 3203 1295 3216 '

154 3300 238 3385 idem
256 3327 342 3389 tttut
363 3339 397 3389 et
416 3323 702 3388 laboriosissimum
721 3323 826 3384 inviis
838 3324 919 3385 locis
937 3326 1121 3403 asperitate

146 3445 248 3494 :turer
261 3449 296 3497 et
315 3437 488 3501 colentium
502 3434 676 3496 vastitate.
708 3434 825 3516 Deque
840 3432 952 3494 labore
968 3432 1028 3494 hoe
1043 3434 1123 3495 Ari·

146 3542 224 3603 ueta·
244 3544 382 3607 scribent
401 3547 585 3627 usagium,
607 3555 645 3603 ut
662 3541 715 3603 uel
737 3536 773 3593 <D
796 3546 971 3603 maximum
993 3542 1058 3604 sibi
1077 3556 1124 3603 te·

146 3653 300 3715 imonium
324 3654 431 3716 dicte.-
453 3658 583 3739 et'usque
603 3653 737 3714 litterae
751 3655 915 3713 sententia
932 3651 1013 3713 talis
1023 3642 1124 3738 fuit:

146 3955 174 4003 u)
192 3951 256 3998 cod.
283 3948 442 3997 desiderare.
482 3946 517 4000 (b)
542 3953 583 3996 lta
608 3948 666 3996 cod.
690 3946 781 3996 uideri.
816 3952 850 4001 (o)
869 3949 932 3998 cod.
961 3951 1123 4022 terminetur

146 4048 148 4061 ›
166 4026 229 4072 cod.
248 4024 430 4070 trummilitat.
451 4026 488 4077 (e)
505 4027 545 4070 lta
563 4024 619 4070 eod.
629 4024 682 4070 niti
697 4027 778 4075 mavit
788 4024 829 4073 his
841 4035 869 4071 et
882 4024 954 4073 aliis.
966 4026 1005 4082 tf)
1015 4026 1119 4072 ltecod.
1150 4032 1153 4037 ’
1175 4090 1183 4109 ι
