2776 4934
350 477 410 540 146
642 470 911 534 stamnum
934 469 1072 549 oarvs

433 654 578 722 Unumque
599 572 659 720 ιω
681 648 710 700 id
724 639 786 698 (ah
822 659 885 699 tunc
908 659 1003 720 quater
1023 647 1123 719 viginti
1143 648 1196 702 sint

434 760 589 832 Decemque
611 758 730 810 iuxtim:
752 775 838 829 eaque
859 756 894 808 sit
915 756 1062 810 novissima

434 871 502 938 Quae
524 869 611 939 prima
633 850 689 919 fixa
710 879 766 931 est,
788 864 870 937 idque
892 866 928 919 sit
949 886 1048 921 nornen
1070 867 1141 920 mihi
1163 856 1214 915 (Ι).

204 994 336 1050 convivia
422 998 566 1066 XXXV.
592 999 674 1063 Hoc
699 991 811 1090 igitur
833 992 981 1062 oraculo
1005 1019 1071 1088 per
1091 991 1258 1088 quietem
1284 986 1369 1060 edo·

200 1080 335 1152 Serapidis
1262 1112 1272 1129 ·
1330 1115 1338 1129 .

202 1179 230 1218 ,t
257 1138 449 1220 &metum
475 1116 722 1189 Alexandrum
746 1122 845 1189 Deus
872 1144 957 1188 cum
992 1140 1122 1189 somno
1156 1114 1365 1211 derehqurt.

200 1269 290 1327 peum.
347 1254 394 1318 At
427 1247 491 1315 ille
525 1243 729 1341 expergitus
764 1242 984 1338 recoltisque
1001 1234 1037 1293 (ὅ)
1063 1240 1186 1315 verbis
1221 1262 1267 1313 ac
1292 1265 1365 1310 me·

347 1371 486 1443 moriae
519 1366 763 1449 confirmatis,
796 1368 893 1438 hunc
928 1366 1079 1441 demum
1112 1391 1209 1450 esse,
1256 1390 1364 1461 quem

348 1513 556 1592 quaereret,
592 1492 732 1563 scilicet
758 1493 922 1587 Serapim
947 1493 1080 1564 mundi
1106 1491 1224 1563 totius
1248 1489 1363 1562 domi·

346 1645 436 1692 num
462 1636 715 1711 rectoremque
741 1615 944 1699 confirmat.
983 1629 1053 1692 Ara
1075 1620 1189 1717 igitur
1207 1618 1272 1687 vel
1289 1641 1360 1686 ma·

345 1747 447 1817 ximo
477 1770 586 1839 opere
620 1743 785 1814 laborata
803 1743 862 1826 (ὓ,
898 1744 1116 1844 largioribus
1149 1743 1356 1814 sacristam

287 1856 290 1861 ¹
346 1870 590 1940 animantium
609 1886 725 1936 stratu
747 1893 856 1961 quam
876 1867 1033 1940 odorum
1048 1868 1269 1964 profusione
1285 1890 1355 1937 mu·

345 1993 493 2073 uilicus,
520 1992 690 2061 convivia
718 1993 829 2061 etiam
855 1995 1064 2088 exsequitur
1084 1992 1227 2064 ibidem
1253 2014 1351 2088 quam

268 2116 271 2121 ’
343 2090 540 2188 laetissima
558 2116 606 2193 (5).
642 2123 747 2186 Tunc
773 2118 1009 2188 Parmenioni
1036 2121 1239 2191 architecto
1263 2112 1351 2187 labo·

343 2242 448 2314 randi
482 2243 621 2312 scilicet
651 2240 844 2310 simulacra
878 2267 964 2312 cura
999 2244 1216 2327 mandatur,
1250 2259 1349 2312 utne

342 2368 418 2442 illis
445 2367 479 2415 (θ’
513 2366 668 2438 Homeri
700 2362 867 2438 versibus
900 2366 1120 2454 demutaret,
1149 2371 1215 2466 qui
1247 2369 1299 2441 sic
1315 2360 1348 2415 ‘⁰

343 2494 556 2566 elocuntur:

428 2629 551 2680 Caerulea
572 2628 635 2682 hinc
658 2621 753 2682 ollio)
777 2631 918 2690 Saturnius
940 2632 1034 2684 anuuit
1055 2649 1115 2684 arce

426 2738 517 2789 Aurea
540 2740 658 2791 caesaries
681 2757 740 2812 quae
758 2732 803 2789 (f)
825 2741 915 2812 signat
936 2742 1072 2794 mentibus
1094 2740 1174 2792 almis
1191 2729 1242 2790 (4).

346 2936 349 2943 ,
367 2893 406 2942 (α)
419 2892 482 2939 Cod.
500 2889 641 2951 pertidus.
667 2889 701 2945 (bt
715 2897 753 2937 lte
768 2895 827 2938 cod.
845 2908 891 2949 pro
911 2894 1022 2941 recuden-
1042 2894 1150 2946 (elcod.
1171 2880 1222 2941 illi·
1240 2888 1341 2947 (diceb

338 2965 473 3012 demutare
491 2968 573 3028 quasi.
603 2965 638 3017 (a)
656 2964 720 3009 cod.
738 2965 844 3012 caneda
859 2978 920 3013 tuac
936 2969 978 3014 oli.
1007 2970 1050 3027 (f)
1067 2968 1131 3014 cod.
1150 2982 1210 3028 qus.

383 3104 430 3182 (1)
456 3106 563 3160 Scilicet
578 3106 692 3176 Sarapis
712 3106 797 3174 (nam
816 3108 930 3179 Sarapis
947 3111 1045 3162 rectius
1062 3110 1191 3163 scribitur
1206 3130 1291 3185 quam
1304 3108 1340 3161 St·

337 3192 445 3264 rapis).
476 3191 509 3243 Id
528 3209 592 3244 vero
613 3209 712 3243 nornen
729 3211 784 3244 non
800 3192 942 3253 conficitur
959 3195 1011 3248 nisi
1030 3195 1128 3248 litteris
1148 3198 1269 3267 graecis.
1297 3196 1340 3247 Iu·

337 3293 383 3333 mo
409 3296 459 3348 pro
479 3275 526 3329 sal
545 3288 627 3347 grata
642 3287 691 3327 etc.
714 3278 806 3329 littera
824 3279 978 3348 suspicabar
1002 3281 1175 3337 scribendum
1196 3280 1248 3335 sud
1269 3280 1339 3354 gni*

380 3362 424 3433 (2)
448 3363 549 3414 Confer
562 3361 676 3414 Malalee
697 3362 808 3415 initium
828 3365 890 3417 libri
908 3380 977 3418 vm.

380 3444 426 3523 (ὅ)
451 3447 610 3520 Serapidem
624 3448 692 3499 mire
707 3449 871 3517 gaudentem
883 3451 1014 3503 conviviis
1024 3451 1113 3522 pingit
1125 3452 1267 3507 Aristides
1281 3460 1335 3506 orat·

336 3535 364 3585 in
379 3533 507 3586 eumdem.
530 3535 648 3585 Cruenta
668 3533 803 3604 Serapidis
829 3535 958 3588 sacrificia
977 3549 1109 3589 memorat
1128 3539 1287 3592 Macrobius
1303 3538 1337 3595 31·

335 3629 409 3671 turn·
431 3620 454 3670 Ι.
475 3628 499 3672 7.
525 3618 661 3671 fumosam
680 3637 784 3675 coenum
805 3622 970 3692 serapiacam
992 3622 1179 3676 Tertullianus
1200 3622 1334 3697 apologet·

333 3721 391 3774 cap.
409 3714 522 3758 xxxix.
1334 3722 1338 3729 '

377 3787 421 3857 (t)
445 3793 487 3842 lta
505 3808 533 3841 se
558 3788 658 3841 habent
677 3788 802 3842 versiculi
827 3791 855 3843 iu
874 3793 976 3849 codice.
1022 3794 1115 3864 Atque
1132 3793 1212 3851 haud
1235 3792 1291 3848 scio
1310 3803 1333 3839 ¹³

332 3874 532 3947 respiciendum
556 3875 592 3927 sit
611 3875 645 3927 ad
661 3875 751 3927 locum
768 3877 881 3928 Homeri
903 3877 986 3931 Iliad.
1003 3880 1025 3931 1.
1043 3886 1100 3932 528.

455 3951 514 4026 Ἦ,
542 3964 587 4017 aai
611 3971 744 4032 κυανέῃσιν
765 3962 804 4016 ἐπ’
830 3960 925 4037 dispice
950 3972 1022 4022 νεῦσε
1044 3972 1167 4041 xpectas·

459 4046 622 4126 'Apsspo‘rrar
640 4047 661 4104 δ’
683 4045 737 4122 ἄρα
759 4049 857 4103 >iaia-ar
875 4051 1049 4127 iarp'p'niaavro
1068 4048 1189 4119 ὅπως.
