<?xml version="1.0" encoding="UTF-8"?>
<!DOCTYPE html PUBLIC "-//W3C//DTD XHTML 1.0 Transitional//EN"
    "http://www.w3.org/TR/xhtml1/DTD/xhtml1-transitional.dtd">
<html xmlns="http://www.w3.org/1999/xhtml" xml:lang="en" lang="en">
 <head>
  <title>
</title>
<meta http-equiv="Content-Type" content="text/html;charset=utf-8" />
  <meta name='ocr-system' content='tesseract 3.04.00' />
  <meta name='ocr-capabilities' content='ocr_page ocr_carea ocr_par ocr_line ocrx_word'/>
</head>
<body>
  <div class='ocr_page' id='page_1' title='image "./itinerariumalex00valegoog_0091.png"; bbox 0 0 2776 4934; ppageno 0'>
   <div class='ocr_carea' id='block_1_1' title="bbox 341 448 1134 531">
    <p class='ocr_par' dir='ltr' id='par_1_1' title="bbox 341 448 1134 531">
     <span class='ocr_line' id='line_1_1' title="bbox 341 448 1134 531; baseline -0.004 -4"><span class='ocrx_word' id='word_1_1' title='bbox 341 466 384 529; x_wconf 76' lang='lat' dir='ltr'><strong>et</strong></span> <span class='ocrx_word' id='word_1_2' title='bbox 550 459 847 525; x_wconf 71' lang='lat' dir='ltr'><strong>ITINERAHVM</strong></span> <span class='ocrx_word' id='word_1_3' title='bbox 868 448 1134 531; x_wconf 73' lang='lat' dir='ltr'><strong>AtAExANDRl</strong></span> 
     </span>
    </p>
   </div>
   <div class='ocr_carea' id='block_1_2' title="bbox 289 629 1359 2335">
    <p class='ocr_par' dir='ltr' id='par_1_2' title="bbox 339 629 1358 982">
     <span class='ocr_line' id='line_1_2' title="bbox 342 629 1355 729; baseline 0.002 -23"><span class='ocrx_word' id='word_1_4' title='bbox 342 635 403 707; x_wconf 87' lang='lat' dir='ltr'><strong>cit.</strong></span> <span class='ocrx_word' id='word_1_5' title='bbox 442 633 570 707; x_wconf 84' lang='lat' dir='ltr'><strong>Electa</strong></span> <span class='ocrx_word' id='word_1_6' title='bbox 592 631 751 727; x_wconf 85' lang='lat' dir='ltr'><strong>denique</strong></span> <span class='ocrx_word' id='word_1_7' title='bbox 768 629 909 705; x_wconf 83' lang='lat' dir='ltr'><strong>sibiad</strong></span> <span class='ocrx_word' id='word_1_8' title='bbox 927 632 1111 707; x_wconf 85' lang='lat' dir='ltr'><strong>eiusmodi</strong></span> <span class='ocrx_word' id='word_1_9' title='bbox 1134 634 1355 729; x_wconf 79' lang='lat' dir='ltr'><strong>patientiam</strong></span> 
     </span>
     <span class='ocr_line' id='line_1_3' title="bbox 341 755 1358 853; baseline -0.002 -20"><span class='ocrx_word' id='word_1_10' title='bbox 341 759 530 843; x_wconf 88' lang='lat' dir='ltr'><strong>comitatu,</strong></span> <span class='ocrx_word' id='word_1_11' title='bbox 543 755 764 831; x_wconf 86' lang='lat' dir='ltr'><strong>adHerculis</strong></span> <span class='ocrx_word' id='word_1_12' title='bbox 776 757 883 829; x_wconf 87' lang='lat' dir='ltr'><strong>stelas</strong></span> <span class='ocrx_word' id='word_1_13' title='bbox 898 757 936 807; x_wconf 68' lang='lat'><strong>‘²’</strong></span> <span class='ocrx_word' id='word_1_14' title='bbox 950 755 1071 830; x_wconf 82' lang='lat' dir='ltr'><strong>famae</strong></span> <span class='ocrx_word' id='word_1_15' title='bbox 1085 759 1261 848; x_wconf 82' lang='lat' dir='ltr'><strong>iactantia</strong></span> <span class='ocrx_word' id='word_1_16' title='bbox 1275 784 1358 853; x_wconf 86' lang='lat' dir='ltr'><strong>per·</strong></span> 
     </span>
     <span class='ocr_line' id='line_1_4' title="bbox 339 882 1352 982; baseline -0.004 -21"><span class='ocrx_word' id='word_1_17' title='bbox 339 903 481 961; x_wconf 77' lang='lat' dir='ltr'><strong>secutus</strong></span> <span class='ocrx_word' id='word_1_18' title='bbox 496 902 550 957; x_wconf 84' lang='lat' dir='ltr'><strong>est</strong></span> <span class='ocrx_word' id='word_1_19' title='bbox 567 882 693 955; x_wconf 84' lang='lat' dir='ltr'><strong>diebus</strong></span> <span class='ocrx_word' id='word_1_20' title='bbox 704 883 903 982; x_wconf 76' lang='lat' dir='ltr'><strong>nonaginta</strong></span> <span class='ocrx_word' id='word_1_21' title='bbox 914 884 1101 955; x_wconf 88' lang='lat' dir='ltr'><strong>continuis</strong></span> <span class='ocrx_word' id='word_1_22' title='bbox 1117 908 1266 957; x_wconf 85' lang='lat' dir='ltr'><strong>emensa</strong></span> <span class='ocrx_word' id='word_1_23' title='bbox 1278 888 1352 957; x_wconf 90' lang='lat' dir='ltr'><strong>via.</strong></span> 
     </span>
    </p>

    <p class='ocr_par' dir='ltr' id='par_1_3' title="bbox 289 1007 1359 2335">
     <span class='ocr_line' id='line_1_5' title="bbox 417 1007 1358 1109; baseline -0.001 -25"><span class='ocrx_word' id='word_1_24' title='bbox 417 1016 529 1089; x_wconf 72' lang='lat' dir='ltr'>CXX,</span> <span class='ocrx_word' id='word_1_25' title='bbox 542 1070 545 1075; x_wconf 96' lang='lat'><strong>.</strong></span> <span class='ocrx_word' id='word_1_26' title='bbox 556 1010 718 1109; x_wconf 73' lang='lat' dir='ltr'><strong>Dignam</strong></span> <span class='ocrx_word' id='word_1_27' title='bbox 736 1007 886 1105; x_wconf 86' lang='lat' dir='ltr'><strong>quidem</strong></span> <span class='ocrx_word' id='word_1_28' title='bbox 899 1008 1005 1081; x_wconf 86' lang='lat' dir='ltr'><strong>illam</strong></span> <span class='ocrx_word' id='word_1_29' title='bbox 1021 1035 1101 1083; x_wconf 83' lang='lat' dir='ltr'><strong>ram</strong></span> <span class='ocrx_word' id='word_1_30' title='bbox 1116 1012 1238 1106; x_wconf 86' lang='lat' dir='ltr'><strong>pretio</strong></span> <span class='ocrx_word' id='word_1_31' title='bbox 1257 1013 1358 1083; x_wconf 88' lang='lat' dir='ltr'><strong>tanti</strong></span> 
     </span>
     <span class='ocr_line' id='line_1_6' title="bbox 339 1132 1359 1231; baseline -0.001 -21"><span class='ocrx_word' id='word_1_32' title='bbox 339 1136 476 1210; x_wconf 81' lang='lat' dir='ltr'><strong>laboris</strong></span> <span class='ocrx_word' id='word_1_33' title='bbox 488 1152 525 1219; x_wconf 64' lang='lat' dir='ltr'><strong>‚·t</strong></span> <span class='ocrx_word' id='word_1_34' title='bbox 542 1136 677 1231; x_wconf 81' lang='lat' dir='ltr'><strong>siquis·</strong></span> <span class='ocrx_word' id='word_1_35' title='bbox 688 1144 817 1207; x_wconf 87' lang='lat' dir='ltr'><strong>a&#39;urem</strong></span> <span class='ocrx_word' id='word_1_36' title='bbox 845 1132 892 1206; x_wconf 89' lang='lat' dir='ltr'><strong>ad</strong></span> <span class='ocrx_word' id='word_1_37' title='bbox 921 1132 1034 1207; x_wconf 85' lang='lat' dir='ltr'><strong>fidem</strong></span> <span class='ocrx_word' id='word_1_38' title='bbox 1050 1138 1229 1215; x_wconf 72' lang='lat' dir='ltr'><strong>¹dicentis,</strong></span> <span class='ocrx_word' id='word_1_39' title='bbox 1246 1136 1359 1211; x_wconf 53' lang='lat' dir='ltr'><strong>insliz</strong></span> 
     </span>
     <span class='ocr_line' id='line_1_7' title="bbox 339 1250 1356 1361; baseline 0 -26"><span class='ocrx_word' id='word_1_40' title='bbox 339 1282 404 1335; x_wconf 83' lang='lat' dir='ltr'><strong>net</strong></span> <span class='ocrx_word' id='word_1_41' title='bbox 418 1262 467 1333; x_wconf 69' lang='lat'><strong>(⁸).</strong></span> <span class='ocrx_word' id='word_1_42' title='bbox 488 1318 491 1325; x_wconf 94' lang='lat'><strong>.</strong></span> <span class='ocrx_word' id='word_1_43' title='bbox 511 1262 543 1332; x_wconf 86' lang='lat' dir='ltr'><strong>ti</strong></span> <span class='ocrx_word' id='word_1_44' title='bbox 566 1262 703 1357; x_wconf 89' lang='lat' dir='ltr'><strong>quippe</strong></span> <span class='ocrx_word' id='word_1_45' title='bbox 717 1261 819 1333; x_wconf 90' lang='lat' dir='ltr'><strong>tituli</strong></span> <span class='ocrx_word' id='word_1_46' title='bbox 836 1260 928 1332; x_wconf 83' lang='lat' dir='ltr'><strong>altar</strong></span> <span class='ocrx_word' id='word_1_47' title='bbox 940 1284 1030 1337; x_wconf 89' lang='lat' dir='ltr'><strong>auro</strong></span> <span class='ocrx_word' id='word_1_48' title='bbox 1045 1262 1175 1361; x_wconf 86' lang='lat' dir='ltr'><strong>pingui</strong></span> <span class='ocrx_word' id='word_1_49' title='bbox 1183 1250 1285 1335; x_wconf 72' lang='lat' dir='ltr'><strong>&#39;alter</strong></span> <span class='ocrx_word' id='word_1_50' title='bbox 1298 1286 1356 1335; x_wconf 88' lang='lat' dir='ltr'><strong>ar·</strong></span> 
     </span>
     <span class='ocr_line' id='line_1_8' title="bbox 338 1383 1355 1487; baseline 0.002 -28"><span class='ocrx_word' id='word_1_51' title='bbox 338 1383 794 1487; x_wconf 68' lang='lat' dir='ltr'><strong>ganto&lt;⁸&gt;prooe1itudinis</strong></span> <span class='ocrx_word' id='word_1_52' title='bbox 809 1403 1000 1465; x_wconf 76' lang='lat' dir='ltr'><strong>erant-111·</strong></span> <span class='ocrx_word' id='word_1_53' title='bbox 1015 1384 1246 1483; x_wconf 73' lang='lat' dir='ltr'><strong>cubitorum,</strong></span> <span class='ocrx_word' id='word_1_54' title='bbox 1259 1412 1355 1461; x_wconf 84' lang='lat' dir='ltr'><strong>cras·</strong></span> 
     </span>
     <span class='ocr_line' id='line_1_9' title="bbox 336 1508 1352 1606; baseline 0.002 -21"><span class='ocrx_word' id='word_1_55' title='bbox 336 1516 367 1585; x_wconf 90' lang='lat' dir='ltr'><strong>si</strong></span> <span class='ocrx_word' id='word_1_56' title='bbox 389 1537 476 1585; x_wconf 86' lang='lat' dir='ltr'><strong>varo</strong></span> <span class='ocrx_word' id='word_1_57' title='bbox 489 1537 556 1606; x_wconf 85' lang='lat' dir='ltr'><strong>per</strong></span> <span class='ocrx_word' id='word_1_58' title='bbox 576 1508 755 1606; x_wconf 90' lang='lat' dir='ltr'><strong>quadrum</strong></span> <span class='ocrx_word' id='word_1_59' title='bbox 772 1508 904 1584; x_wconf 90' lang='lat' dir='ltr'><strong>cubitis</strong></span> <span class='ocrx_word' id='word_1_60' title='bbox 925 1510 1040 1583; x_wconf 84' lang='lat' dir='ltr'><strong>binis:</strong></span> <span class='ocrx_word' id='word_1_61' title='bbox 1068 1510 1159 1583; x_wconf 88' lang='lat' dir='ltr'><strong>adeo</strong></span> <span class='ocrx_word' id='word_1_62' title='bbox 1179 1511 1352 1587; x_wconf 83' lang='lat' dir='ltr'><strong>inmenso</strong></span> 
     </span>
     <span class='ocr_line' id='line_1_10' title="bbox 289 1634 1352 1735; baseline 0.001 -24"><span class='ocrx_word' id='word_1_63' title='bbox 289 1652 296 1679; x_wconf 76' lang='lat'>¹</span> <span class='ocrx_word' id='word_1_64' title='bbox 336 1638 514 1735; x_wconf 87' lang='lat' dir='ltr'><strong>pondere,</strong></span> <span class='ocrx_word' id='word_1_65' title='bbox 540 1654 583 1709; x_wconf 86' lang='lat' dir='ltr'><strong>ut</strong></span> <span class='ocrx_word' id='word_1_66' title='bbox 605 1636 681 1707; x_wconf 84' lang='lat' dir='ltr'><strong>eius</strong></span> <span class='ocrx_word' id='word_1_67' title='bbox 698 1635 904 1731; x_wconf 86' lang='lat' dir='ltr'><strong>periculum</strong></span> <span class='ocrx_word' id='word_1_68' title='bbox 925 1636 1004 1732; x_wconf 87' lang='lat' dir='ltr'><strong>ipse</strong></span> <span class='ocrx_word' id='word_1_69' title='bbox 1026 1662 1091 1709; x_wconf 83' lang='lat' dir='ltr'><strong>rex</strong></span> <span class='ocrx_word' id='word_1_70' title='bbox 1107 1634 1352 1729; x_wconf 79' lang='lat' dir='ltr'><strong>iecerit-tere·</strong></span> 
     </span>
     <span class='ocr_line' id='line_1_11' title="bbox 334 1760 1351 1859; baseline 0.003 -25"><span class='ocrx_word' id='word_1_71' title='bbox 334 1764 437 1835; x_wconf 89' lang='lat' dir='ltr'><strong>brata</strong></span> <span class='ocrx_word' id='word_1_72' title='bbox 453 1760 692 1834; x_wconf 83' lang='lat' dir='ltr'><strong>crassitudine</strong></span> <span class='ocrx_word' id='word_1_73' title='bbox 710 1762 790 1832; x_wconf 90' lang='lat' dir='ltr'><strong>auri</strong></span> <span class='ocrx_word' id='word_1_74' title='bbox 811 1762 900 1843; x_wconf 86' lang='lat' dir='ltr'><strong>eius,</strong></span> <span class='ocrx_word' id='word_1_75' title='bbox 927 1762 1029 1832; x_wconf 84' lang='lat' dir='ltr'><strong>cuius</strong></span> <span class='ocrx_word' id='word_1_76' title='bbox 1046 1762 1254 1859; x_wconf 88' lang='lat' dir='ltr'><strong>dampnum</strong></span> <span class='ocrx_word' id='word_1_77' title='bbox 1267 1768 1351 1837; x_wconf 90' lang='lat' dir='ltr'><strong>mil·</strong></span> 
     </span>
     <span class='ocr_line' id='line_1_12' title="bbox 335 1883 1349 1984; baseline 0.004 -27"><span class='ocrx_word' id='word_1_78' title='bbox 335 1890 371 1958; x_wconf 88' lang='lat' dir='ltr'><strong>le</strong></span> <span class='ocrx_word' id='word_1_79' title='bbox 391 1887 599 1984; x_wconf 80' lang='lat' dir='ltr'><strong>quingentis</strong></span> <span class='ocrx_word' id='word_1_80' title='bbox 620 1909 709 1956; x_wconf 85' lang='lat' dir='ltr'><strong>mox</strong></span> <span class='ocrx_word' id='word_1_81' title='bbox 727 1886 844 1955; x_wconf 83' lang='lat' dir='ltr'><strong>aureis</strong></span> <span class='ocrx_word' id='word_1_82' title='bbox 866 1883 1094 1958; x_wconf 84' lang='lat' dir='ltr'><strong>inferciverit</strong></span> <span class='ocrx_word' id='word_1_83' title='bbox 1108 1886 1161 1958; x_wconf 69' lang='lat'><strong>(4³.</strong></span> <span class='ocrx_word' id='word_1_84' title='bbox 1209 1886 1349 1961; x_wconf 84' lang='lat' dir='ltr'><strong>Verum</strong></span> 
     </span>
     <span class='ocr_line' id='line_1_13' title="bbox 335 2011 1344 2106; baseline 0.004 -23"><span class='ocrx_word' id='word_1_85' title='bbox 335 2013 433 2084; x_wconf 82' lang='lat' dir='ltr'><strong>exim</strong></span> <span class='ocrx_word' id='word_1_86' title='bbox 454 2012 637 2083; x_wconf 59' lang='lat' dir='ltr'><strong>reiertens</strong></span> <span class='ocrx_word' id='word_1_87' title='bbox 657 2034 744 2104; x_wconf 87' lang='lat' dir='ltr'><strong>prae</strong></span> <span class='ocrx_word' id='word_1_88' title='bbox 815 2028 934 2106; x_wconf 79' lang='lat' dir='ltr'><strong>tapes</strong></span> <span class='ocrx_word' id='word_1_89' title='bbox 955 2012 1037 2085; x_wconf 88' lang='lat' dir='ltr'><strong>loca</strong></span> <span class='ocrx_word' id='word_1_90' title='bbox 1058 2011 1159 2084; x_wconf 88' lang='lat' dir='ltr'><strong>caelo</strong></span> <span class='ocrx_word' id='word_1_91' title='bbox 1180 2012 1344 2087; x_wconf 87' lang='lat' dir='ltr'><strong>inlucido</strong></span> 
     </span>
     <span class='ocr_line' id='line_1_14' title="bbox 334 2036 1344 2265; baseline 0.006 -56"><span class='ocrx_word' id='word_1_92' title='bbox 334 2157 377 2209; x_wconf 86' lang='lat' dir='ltr'><strong>ut</strong></span> <span class='ocrx_word' id='word_1_93' title='bbox 397 2137 532 2207; x_wconf 84' lang='lat' dir='ltr'><strong>iuxtim</strong></span> <span class='ocrx_word' id='word_1_94' title='bbox 551 2158 589 2205; x_wconf 87' lang='lat' dir='ltr'><strong>se</strong></span> <span class='ocrx_word' id='word_1_95' title='bbox 604 2036 825 2265; x_wconf 48' lang='lat' dir='ltr'><strong>viante*</strong></span> <span class='ocrx_word' id='word_1_96' title='bbox 835 2155 967 2209; x_wconf 93' lang='lat' dir='ltr'><strong>mutuo</strong></span> <span class='ocrx_word' id='word_1_97' title='bbox 982 2157 1240 2227; x_wconf 85' lang='lat' dir='ltr'><strong>noscerentur,</strong></span> <span class='ocrx_word' id='word_1_98' title='bbox 1268 2158 1344 2215; x_wconf 83' lang='lat' dir='ltr'><strong>tau·</strong></span> 
     </span>
     <span class='ocr_line' id='line_1_15' title="bbox 333 2256 1127 2335; baseline 0.004 -3"><span class='ocrx_word' id='word_1_99' title='bbox 333 2261 420 2333; x_wconf 87' lang='lat' dir='ltr'><strong>darn</strong></span> <span class='ocrx_word' id='word_1_100' title='bbox 443 2256 719 2331; x_wconf 83' lang='lat' dir='ltr'><strong>Thermodonta</strong></span> <span class='ocrx_word' id='word_1_101' title='bbox 742 2284 892 2334; x_wconf 87' lang='lat' dir='ltr'><strong>amnem</strong></span> <span class='ocrx_word' id='word_1_102' title='bbox 908 2258 947 2312; x_wconf 56' lang='grc' dir='ltr'><strong>(ὅ)</strong></span> <span class='ocrx_word' id='word_1_103' title='bbox 973 2314 1127 2335; x_wconf 89' lang='grc'><strong>.....</strong></span> 
     </span>
    </p>
   </div>
   <div class='ocr_carea' id='block_1_3' title="bbox 670 2391 1005 2466">
    <p class='ocr_par' dir='ltr' id='par_1_4' title="bbox 670 2391 1005 2466">
     <span class='ocr_line' id='line_1_16' title="bbox 670 2391 1005 2466; baseline -0.003 -19"><span class='ocrx_word' id='word_1_104' title='bbox 670 2391 789 2466; x_wconf 75' lang='lat' dir='ltr'><strong>Reliqua</strong></span> <span class='ocrx_word' id='word_1_105' title='bbox 810 2393 1005 2447; x_wconf 77' lang='lat' dir='ltr'><strong>desiderantur.</strong></span> 
     </span>
    </p>
   </div>
   <div class='ocr_carea' id='block_1_4' title="bbox 310 2580 1337 4109">
    <p class='ocr_par' dir='ltr' id='par_1_5' title="bbox 330 2580 1337 3087">
     <span class='ocr_line' id='line_1_17' title="bbox 377 2580 1337 2661; baseline 0.011 -24"><span class='ocrx_word' id='word_1_106' title='bbox 377 2580 425 2661; x_wconf 88' lang='lat'><strong>(1)</strong></span> <span class='ocrx_word' id='word_1_107' title='bbox 447 2589 550 2640; x_wconf 77' lang='lat' dir='ltr'><strong>Praetcr</strong></span> <span class='ocrx_word' id='word_1_108' title='bbox 567 2586 756 2639; x_wconf 82' lang='lat' dir='ltr'><strong>celeberrimas</strong></span> <span class='ocrx_word' id='word_1_109' title='bbox 774 2585 922 2656; x_wconf 86' lang='lat' dir='ltr'><strong>gaditanas‚</strong></span> <span class='ocrx_word' id='word_1_110' title='bbox 944 2588 1040 2641; x_wconf 80' lang='lat' dir='ltr'><strong>indicae</strong></span> <span class='ocrx_word' id='word_1_111' title='bbox 1057 2587 1139 2641; x_wconf 80' lang='lat' dir='ltr'><strong>etiam</strong></span> <span class='ocrx_word' id='word_1_112' title='bbox 1153 2590 1281 2647; x_wconf 81' lang='lat' dir='ltr'><strong>Herculis</strong></span> <span class='ocrx_word' id='word_1_113' title='bbox 1296 2612 1337 2646; x_wconf 79' lang='lat' dir='ltr'><strong>co·</strong></span> 
     </span>
     <span class='ocr_line' id='line_1_18' title="bbox 332 2668 1335 2744; baseline 0.004 -20"><span class='ocrx_word' id='word_1_114' title='bbox 332 2672 432 2726; x_wconf 75' lang='lat' dir='ltr'><strong>iumnae</strong></span> <span class='ocrx_word' id='word_1_115' title='bbox 447 2683 631 2724; x_wconf 83' lang='lat' dir='ltr'><strong>memorantur</strong></span> <span class='ocrx_word' id='word_1_116' title='bbox 646 2690 662 2724; x_wconf 88' lang='lat' dir='ltr'><strong>a</strong></span> <span class='ocrx_word' id='word_1_117' title='bbox 678 2672 807 2726; x_wconf 81' lang='lat' dir='ltr'><strong>Strabone</strong></span> <span class='ocrx_word' id='word_1_118' title='bbox 817 2672 868 2725; x_wconf 89' lang='grc' dir='ltr'><strong>ΙΙΙ.</strong></span> <span class='ocrx_word' id='word_1_119' title='bbox 884 2690 911 2742; x_wconf 88' lang='lat' dir='ltr'><strong>p.</strong></span> <span class='ocrx_word' id='word_1_120' title='bbox 924 2680 981 2725; x_wconf 87' lang='grc'><strong>171.</strong></span> <span class='ocrx_word' id='word_1_121' title='bbox 1005 2674 1058 2728; x_wconf 86' lang='lat' dir='ltr'><strong>Sed</strong></span> <span class='ocrx_word' id='word_1_122' title='bbox 1074 2674 1205 2744; x_wconf 87' lang='lat' dir='ltr'><strong>quoniam</strong></span> <span class='ocrx_word' id='word_1_123' title='bbox 1219 2668 1335 2733; x_wconf 66' lang='lat' dir='ltr'><strong>Alcim-</strong></span> 
     </span>
     <span class='ocr_line' id='line_1_19' title="bbox 332 2757 1334 2833; baseline 0.003 -23"><span class='ocrx_word' id='word_1_124' title='bbox 332 2759 381 2811; x_wconf 88' lang='lat' dir='ltr'><strong>dar</strong></span> <span class='ocrx_word' id='word_1_125' title='bbox 395 2778 411 2810; x_wconf 89' lang='lat' dir='ltr'><strong>a</strong></span> <span class='ocrx_word' id='word_1_126' title='bbox 426 2757 558 2811; x_wconf 84' lang='lat' dir='ltr'><strong>columnis</strong></span> <span class='ocrx_word' id='word_1_127' title='bbox 572 2759 657 2813; x_wconf 78' lang='lat' dir='ltr'><strong>redux</strong></span> <span class='ocrx_word' id='word_1_128' title='bbox 674 2758 778 2812; x_wconf 84' lang='lat' dir='ltr'><strong>venisse</strong></span> <span class='ocrx_word' id='word_1_129' title='bbox 794 2757 892 2810; x_wconf 87' lang='lat' dir='ltr'><strong>dicitur</strong></span> <span class='ocrx_word' id='word_1_130' title='bbox 908 2758 942 2809; x_wconf 87' lang='lat' dir='ltr'><strong>ad</strong></span> <span class='ocrx_word' id='word_1_131' title='bbox 953 2759 1154 2813; x_wconf 80' lang='lat' dir='ltr'><strong>Thermodonta</strong></span> <span class='ocrx_word' id='word_1_132' title='bbox 1166 2760 1241 2833; x_wconf 85' lang='lat' dir='ltr'><strong>(cap.</strong></span> <span class='ocrx_word' id='word_1_133' title='bbox 1252 2762 1334 2833; x_wconf 78' lang='lat' dir='ltr'><strong>cxx.)</strong></span> 
     </span>
     <span class='ocr_line' id='line_1_20' title="bbox 330 2842 1333 2917; baseline 0.005 -22"><span class='ocrx_word' id='word_1_134' title='bbox 330 2842 391 2895; x_wconf 88' lang='lat' dir='ltr'><strong>heic</strong></span> <span class='ocrx_word' id='word_1_135' title='bbox 411 2844 521 2895; x_wconf 83' lang='lat' dir='ltr'><strong>onrnino</strong></span> <span class='ocrx_word' id='word_1_136' title='bbox 543 2843 728 2914; x_wconf 67' lang='lat' dir='ltr'><strong>intelligenda</strong></span> <span class='ocrx_word' id='word_1_137' title='bbox 751 2855 814 2894; x_wconf 90' lang='lat' dir='ltr'><strong>sunt</strong></span> <span class='ocrx_word' id='word_1_138' title='bbox 838 2844 968 2895; x_wconf 65' lang='lat' dir='ltr'><strong>columnas</strong></span> <span class='ocrx_word' id='word_1_139' title='bbox 985 2845 1107 2898; x_wconf 82' lang='lat' dir='ltr'><strong>Herculis</strong></span> <span class='ocrx_word' id='word_1_140' title='bbox 1130 2844 1158 2917; x_wconf 81' lang='lat' dir='ltr'><strong>in</strong></span> <span class='ocrx_word' id='word_1_141' title='bbox 1174 2846 1285 2916; x_wconf 86' lang='lat' dir='ltr'><strong>Ponto,</strong></span> <span class='ocrx_word' id='word_1_142' title='bbox 1306 2850 1333 2902; x_wconf 84' lang='lat' dir='ltr'><strong>de</strong></span> 
     </span>
     <span class='ocr_line' id='line_1_21' title="bbox 330 2926 1334 3001; baseline 0.006 -22"><span class='ocrx_word' id='word_1_143' title='bbox 330 2927 428 3001; x_wconf 92' lang='lat' dir='ltr'><strong>quibus</strong></span> <span class='ocrx_word' id='word_1_144' title='bbox 452 2926 582 2980; x_wconf 85' lang='lat' dir='ltr'><strong>eximium</strong></span> <span class='ocrx_word' id='word_1_145' title='bbox 608 2928 793 2980; x_wconf 86' lang='lat' dir='ltr'><strong>testimouium</strong></span> <span class='ocrx_word' id='word_1_146' title='bbox 819 2940 896 2979; x_wconf 82' lang='lat' dir='ltr'><strong>extat</strong></span> <span class='ocrx_word' id='word_1_147' title='bbox 911 2929 1001 2982; x_wconf 71' lang='lat' dir='ltr'><strong>servii</strong></span> <span class='ocrx_word' id='word_1_148' title='bbox 1022 2931 1056 2981; x_wconf 87' lang='lat' dir='ltr'><strong>ad</strong></span> <span class='ocrx_word' id='word_1_149' title='bbox 1076 2930 1190 2982; x_wconf 84' lang='lat' dir='ltr'><strong>Aeneid.</strong></span> <span class='ocrx_word' id='word_1_150' title='bbox 1208 2947 1257 2987; x_wconf 76' lang='lat'><strong>11.</strong></span> <span class='ocrx_word' id='word_1_151' title='bbox 1281 2942 1334 2989; x_wconf 78' lang='lat' dir='ltr'><strong>tes.</strong></span> 
     </span>
     <span class='ocr_line' id='line_1_22' title="bbox 331 3009 1261 3087; baseline 0.001 -20"><span class='ocrx_word' id='word_1_152' title='bbox 331 3011 476 3067; x_wconf 80' lang='lat' dir='ltr'><strong>Columnas</strong></span> <span class='ocrx_word' id='word_1_153' title='bbox 495 3009 617 3063; x_wconf 81' lang='lat' dir='ltr'><strong>Herculis</strong></span> <span class='ocrx_word' id='word_1_154' title='bbox 633 3013 749 3084; x_wconf 81' lang='lat' dir='ltr'><strong>legimns</strong></span> <span class='ocrx_word' id='word_1_155' title='bbox 764 3025 792 3063; x_wconf 86' lang='lat' dir='ltr'><strong>et</strong></span> <span class='ocrx_word' id='word_1_156' title='bbox 808 3013 836 3063; x_wconf 85' lang='lat' dir='ltr'><strong>in</strong></span> <span class='ocrx_word' id='word_1_157' title='bbox 851 3011 937 3065; x_wconf 83' lang='lat' dir='ltr'><strong>Ponto</strong></span> <span class='ocrx_word' id='word_1_158' title='bbox 955 3027 982 3065; x_wconf 84' lang='lat' dir='ltr'><strong>et</strong></span> <span class='ocrx_word' id='word_1_159' title='bbox 998 3016 1025 3065; x_wconf 84' lang='lat' dir='ltr'><strong>in</strong></span> <span class='ocrx_word' id='word_1_160' title='bbox 1043 3015 1183 3087; x_wconf 75' lang='lat' dir='ltr'><strong>Hispania.</strong></span> <span class='ocrx_word' id='word_1_161' title='bbox 1254 3058 1261 3067; x_wconf 93' lang='lat'><strong>.</strong></span> 
     </span>
    </p>

    <p class='ocr_par' dir='ltr' id='par_1_6' title="bbox 310 3096 1334 3407">
     <span class='ocr_line' id='line_1_23' title="bbox 310 3096 1334 3173; baseline 0.015 -28"><span class='ocrx_word' id='word_1_162' title='bbox 310 3138 316 3145; x_wconf 95' lang='lat'><strong>.</strong></span> <span class='ocrx_word' id='word_1_163' title='bbox 370 3096 416 3168; x_wconf 77' lang='lat'><strong>(2)</strong></span> <span class='ocrx_word' id='word_1_164' title='bbox 437 3098 509 3151; x_wconf 87' lang='lat' dir='ltr'><strong>Nota</strong></span> <span class='ocrx_word' id='word_1_165' title='bbox 526 3097 684 3166; x_wconf 75' lang='lat' dir='ltr'><strong>praclarum</strong></span> <span class='ocrx_word' id='word_1_166' title='bbox 699 3096 819 3149; x_wconf 81' lang='lat' dir='ltr'><strong>historici</strong></span> <span class='ocrx_word' id='word_1_167' title='bbox 836 3098 922 3149; x_wconf 84' lang='lat' dir='ltr'><strong>nostri</strong></span> <span class='ocrx_word' id='word_1_168' title='bbox 938 3098 1078 3167; x_wconf 86' lang='lat' dir='ltr'><strong>iudicium,</strong></span> <span class='ocrx_word' id='word_1_169' title='bbox 1101 3101 1147 3173; x_wconf 92' lang='lat' dir='ltr'><strong>qui</strong></span> <span class='ocrx_word' id='word_1_170' title='bbox 1162 3102 1229 3157; x_wconf 90' lang='lat' dir='ltr'><strong>huio</strong></span> <span class='ocrx_word' id='word_1_171' title='bbox 1244 3124 1334 3159; x_wconf 82' lang='lat' dir='ltr'><strong>uam·</strong></span> 
     </span>
     <span class='ocr_line' id='line_1_24' title="bbox 328 3178 1334 3259; baseline 0.012 -26"><span class='ocrx_word' id='word_1_172' title='bbox 328 3182 396 3235; x_wconf 90' lang='lat' dir='ltr'><strong>tioni</strong></span> <span class='ocrx_word' id='word_1_173' title='bbox 416 3182 462 3234; x_wconf 82' lang='lat' dir='ltr'><strong>rix</strong></span> <span class='ocrx_word' id='word_1_174' title='bbox 485 3178 567 3232; x_wconf 84' lang='lat' dir='ltr'><strong>fidem</strong></span> <span class='ocrx_word' id='word_1_175' title='bbox 586 3180 783 3252; x_wconf 78' lang='lat' dir='ltr'><strong>adiungendam</strong></span> <span class='ocrx_word' id='word_1_176' title='bbox 800 3183 968 3252; x_wconf 80' lang='lat' dir='ltr'><strong>pronunciat.</strong></span> <span class='ocrx_word' id='word_1_177' title='bbox 1007 3188 1176 3259; x_wconf 79' lang='lat' dir='ltr'><strong>Quemquam</strong></span> <span class='ocrx_word' id='word_1_178' title='bbox 1195 3179 1334 3259; x_wconf 65' lang='lat' dir='ltr'><strong>g&#39;aditanat</strong></span> 
     </span>
     <span class='ocr_line' id='line_1_25' title="bbox 326 3266 1334 3340; baseline 0.013 -19"><span class='ocrx_word' id='word_1_179' title='bbox 326 3269 439 3340; x_wconf 88' lang='lat' dir='ltr'><strong>quidem</strong></span> <span class='ocrx_word' id='word_1_180' title='bbox 462 3266 600 3319; x_wconf 87' lang='lat' dir='ltr'><strong>columnas</strong></span> <span class='ocrx_word' id='word_1_181' title='bbox 623 3267 698 3319; x_wconf 87' lang='lat' dir='ltr'><strong>adire</strong></span> <span class='ocrx_word' id='word_1_182' title='bbox 723 3268 753 3319; x_wconf 90' lang='lat' dir='ltr'><strong>in</strong></span> <span class='ocrx_word' id='word_1_183' title='bbox 774 3267 866 3321; x_wconf 81' lang='lat' dir='ltr'><strong>animo</strong></span> <span class='ocrx_word' id='word_1_184' title='bbox 887 3269 972 3323; x_wconf 77' lang='lat' dir='ltr'><strong>fuine</strong></span> <span class='ocrx_word' id='word_1_185' title='bbox 988 3272 1146 3327; x_wconf 80' lang='lat' dir='ltr'><strong>Alexandro</strong></span> <span class='ocrx_word' id='word_1_186' title='bbox 1169 3290 1284 3333; x_wconf 70' lang='lat' dir='ltr'><strong>conant</strong></span> <span class='ocrx_word' id='word_1_187' title='bbox 1304 3294 1334 3333; x_wconf 74' lang='lat' dir='ltr'><strong>et</strong></span> 
     </span>
     <span class='ocr_line' id='line_1_26' title="bbox 326 3350 812 3407; baseline -0.008 0"><span class='ocrx_word' id='word_1_188' title='bbox 326 3353 420 3407; x_wconf 82' lang='lat' dir='ltr'><strong>Curtio</strong></span> <span class='ocrx_word' id='word_1_189' title='bbox 442 3364 473 3407; x_wconf 81' lang='lat' dir='ltr'><strong>x.</strong></span> <span class='ocrx_word' id='word_1_190' title='bbox 492 3360 518 3403; x_wconf 88' lang='lat'><strong>1.</strong></span> <span class='ocrx_word' id='word_1_191' title='bbox 538 3350 660 3405; x_wconf 90' lang='lat' dir='ltr'><strong>Diodoro</strong></span> <span class='ocrx_word' id='word_1_192' title='bbox 678 3367 771 3406; x_wconf 80' lang='lat' dir='ltr'><strong>xvm.</strong></span> <span class='ocrx_word' id='word_1_193' title='bbox 786 3357 812 3407; x_wconf 75' lang='lat'><strong>4.</strong></span> 
     </span>
    </p>

    <p class='ocr_par' dir='ltr' id='par_1_7' title="bbox 323 3432 1333 3594">
     <span class='ocr_line' id='line_1_27' title="bbox 368 3432 1333 3515; baseline 0.015 -25"><span class='ocrx_word' id='word_1_194' title='bbox 368 3432 414 3515; x_wconf 77' lang='lat'><strong>(3)</strong></span> <span class='ocrx_word' id='word_1_195' title='bbox 437 3440 480 3492; x_wconf 82' lang='lat' dir='ltr'><strong>De</strong></span> <span class='ocrx_word' id='word_1_196' title='bbox 494 3438 624 3489; x_wconf 83' lang='lat' dir='ltr'><strong>columnis</strong></span> <span class='ocrx_word' id='word_1_197' title='bbox 642 3437 765 3491; x_wconf 75' lang='lat' dir='ltr'><strong>Herodis</strong></span> <span class='ocrx_word' id='word_1_198' title='bbox 785 3455 819 3491; x_wconf 82' lang='lat' dir='ltr'><strong>cx</strong></span> <span class='ocrx_word' id='word_1_199' title='bbox 841 3454 907 3491; x_wconf 90' lang='lat' dir='ltr'><strong>auro</strong></span> <span class='ocrx_word' id='word_1_200' title='bbox 927 3454 1092 3515; x_wconf 82' lang='lat' dir='ltr'><strong>argentoque</strong></span> <span class='ocrx_word' id='word_1_201' title='bbox 1115 3446 1253 3500; x_wconf 80' lang='lat' dir='ltr'><strong>eoucretis</strong></span> <span class='ocrx_word' id='word_1_202' title='bbox 1272 3466 1333 3503; x_wconf 87' lang='lat' dir='ltr'><strong>eon·</strong></span> 
     </span>
     <span class='ocr_line' id='line_1_28' title="bbox 323 3521 885 3594; baseline 0.005 -21"><span class='ocrx_word' id='word_1_203' title='bbox 323 3521 426 3575; x_wconf 82' lang='lat' dir='ltr'><strong>feratur</strong></span> <span class='ocrx_word' id='word_1_204' title='bbox 438 3523 619 3577; x_wconf 79' lang='lat' dir='ltr'><strong>Philostratus</strong></span> <span class='ocrx_word' id='word_1_205' title='bbox 635 3526 677 3576; x_wconf 85' lang='lat' dir='ltr'><strong>vit</strong></span> <span class='ocrx_word' id='word_1_206' title='bbox 692 3521 789 3594; x_wconf 84' lang='lat' dir='ltr'><strong>Apoll.</strong></span> <span class='ocrx_word' id='word_1_207' title='bbox 810 3525 845 3576; x_wconf 87' lang='lat' dir='ltr'><strong>V.</strong></span> <span class='ocrx_word' id='word_1_208' title='bbox 858 3529 885 3583; x_wconf 77' lang='grc'><strong>6.</strong></span> 
     </span>
    </p>

    <p class='ocr_par' dir='ltr' id='par_1_8' title="bbox 322 3606 1333 3855">
     <span class='ocr_line' id='line_1_29' title="bbox 366 3606 1333 3687; baseline 0.006 -26"><span class='ocrx_word' id='word_1_209' title='bbox 366 3606 412 3678; x_wconf 81' lang='grc'><strong>(4)</strong></span> <span class='ocrx_word' id='word_1_210' title='bbox 435 3609 629 3680; x_wconf 79' lang='lat' dir='ltr'><strong>Comparantur</strong></span> <span class='ocrx_word' id='word_1_211' title='bbox 647 3628 716 3681; x_wconf 87' lang='lat' dir='ltr'><strong>quae</strong></span> <span class='ocrx_word' id='word_1_212' title='bbox 729 3608 821 3660; x_wconf 88' lang='lat' dir='ltr'><strong>scribit</strong></span> <span class='ocrx_word' id='word_1_213' title='bbox 834 3609 927 3662; x_wconf 85' lang='lat' dir='ltr'><strong>Cicero</strong></span> <span class='ocrx_word' id='word_1_214' title='bbox 947 3609 981 3662; x_wconf 83' lang='lat' dir='ltr'><strong>de</strong></span> <span class='ocrx_word' id='word_1_215' title='bbox 996 3611 1080 3663; x_wconf 80' lang='lat' dir='ltr'><strong>divio.</strong></span> <span class='ocrx_word' id='word_1_216' title='bbox 1098 3612 1121 3663; x_wconf 89' lang='grc' dir='ltr'><strong>Ι.</strong></span> <span class='ocrx_word' id='word_1_217' title='bbox 1133 3618 1175 3667; x_wconf 76' lang='lat'><strong>24.</strong></span> <span class='ocrx_word' id='word_1_218' title='bbox 1193 3632 1280 3687; x_wconf 76' lang='lat' dir='ltr'><strong>super</strong></span> <span class='ocrx_word' id='word_1_219' title='bbox 1290 3636 1333 3672; x_wconf 77' lang='grc' dir='ltr'><strong>ω-</strong></span> 
     </span>
     <span class='ocr_line' id='line_1_30' title="bbox 322 3690 1332 3769; baseline 0.018 -27"><span class='ocrx_word' id='word_1_220' title='bbox 322 3690 415 3743; x_wconf 85' lang='lat' dir='ltr'><strong>lumna</strong></span> <span class='ocrx_word' id='word_1_221' title='bbox 439 3710 519 3746; x_wconf 82' lang='lat' dir='ltr'><strong>aurea</strong></span> <span class='ocrx_word' id='word_1_222' title='bbox 543 3694 572 3745; x_wconf 91' lang='lat' dir='ltr'><strong>in</strong></span> <span class='ocrx_word' id='word_1_223' title='bbox 595 3694 659 3746; x_wconf 82' lang='lat' dir='ltr'><strong>fano</strong></span> <span class='ocrx_word' id='word_1_224' title='bbox 680 3694 792 3747; x_wconf 86' lang='lat' dir='ltr'><strong>Iunonis</strong></span> <span class='ocrx_word' id='word_1_225' title='bbox 808 3695 935 3749; x_wconf 84' lang='lat' dir='ltr'><strong>Laciniae</strong></span> <span class='ocrx_word' id='word_1_226' title='bbox 960 3696 992 3749; x_wconf 78' lang='lat' dir='ltr'><strong>ab</strong></span> <span class='ocrx_word' id='word_1_227' title='bbox 1006 3696 1157 3750; x_wconf 78' lang='lat' dir='ltr'><strong>Hannibale</strong></span> <span class='ocrx_word' id='word_1_228' title='bbox 1177 3704 1332 3769; x_wconf 76' lang='lat' dir='ltr'><strong>terebrata,</strong></span> 
     </span>
     <span class='ocr_line' id='line_1_31' title="bbox 322 3776 1158 3855; baseline 0.007 -28"><span class='ocrx_word' id='word_1_229' title='bbox 322 3776 409 3847; x_wconf 80' lang='lat' dir='ltr'><strong>daque</strong></span> <span class='ocrx_word' id='word_1_230' title='bbox 424 3776 521 3830; x_wconf 83' lang='lat' dir='ltr'><strong>bucula</strong></span> <span class='ocrx_word' id='word_1_231' title='bbox 537 3796 602 3851; x_wconf 54' lang='lat' dir='ltr'><strong>quas*</strong></span> <span class='ocrx_word' id='word_1_232' title='bbox 615 3799 648 3835; x_wconf 82' lang='lat' dir='ltr'><strong>ex</strong></span> <span class='ocrx_word' id='word_1_233' title='bbox 665 3797 698 3833; x_wconf 88' lang='lat' dir='ltr'><strong>eo</strong></span> <span class='ocrx_word' id='word_1_234' title='bbox 714 3797 781 3832; x_wconf 88' lang='lat' dir='ltr'><strong>auro</strong></span> <span class='ocrx_word' id='word_1_235' title='bbox 796 3782 965 3834; x_wconf 83' lang='lat' dir='ltr'><strong>exterebratu</strong></span> <span class='ocrx_word' id='word_1_236' title='bbox 983 3782 1055 3833; x_wconf 83' lang='lat' dir='ltr'><strong>lacta</strong></span> <span class='ocrx_word' id='word_1_237' title='bbox 1068 3781 1114 3833; x_wconf 87' lang='lat' dir='ltr'><strong>sit.</strong></span> <span class='ocrx_word' id='word_1_238' title='bbox 1155 3850 1158 3855; x_wconf 93' lang='lat'><strong>.</strong></span> 
     </span>
    </p>

    <p class='ocr_par' dir='ltr' id='par_1_9' title="bbox 317 3858 1331 4109">
     <span class='ocr_line' id='line_1_32' title="bbox 363 3858 1331 3933; baseline 0.012 -20"><span class='ocrx_word' id='word_1_239' title='bbox 363 3858 409 3931; x_wconf 78' lang='lat'><strong>(6)</strong></span> <span class='ocrx_word' id='word_1_240' title='bbox 431 3864 563 3933; x_wconf 72' lang='lat' dir='ltr'><strong>Quaenam</strong></span> <span class='ocrx_word' id='word_1_241' title='bbox 583 3866 662 3918; x_wconf 90' lang='lat' dir='ltr'><strong>huius</strong></span> <span class='ocrx_word' id='word_1_242' title='bbox 684 3864 845 3917; x_wconf 86' lang='lat' dir='ltr'><strong>narrationis</strong></span> <span class='ocrx_word' id='word_1_243' title='bbox 863 3868 1061 3932; x_wconf 82' lang='lat' dir='ltr'><strong>desiderentur,</strong></span> <span class='ocrx_word' id='word_1_244' title='bbox 1082 3866 1158 3921; x_wconf 84' lang='lat' dir='ltr'><strong>facili</strong></span> <span class='ocrx_word' id='word_1_245' title='bbox 1174 3872 1331 3929; x_wconf 76' lang='lat' dir='ltr'><strong>coniectura</strong></span> 
     </span>
     <span class='ocr_line' id='line_1_33' title="bbox 318 3944 1330 4033; baseline 0.018 -37"><span class='ocrx_word' id='word_1_246' title='bbox 318 3944 491 4020; x_wconf 85' lang='lat' dir='ltr'><strong>adsequeris,</strong></span> <span class='ocrx_word' id='word_1_247' title='bbox 521 3949 545 4001; x_wconf 92' lang='lat' dir='ltr'><strong>si</strong></span> <span class='ocrx_word' id='word_1_248' title='bbox 570 3950 642 4021; x_wconf 72' lang='lat' dir='ltr'><strong>leges</strong></span> <span class='ocrx_word' id='word_1_249' title='bbox 661 3951 732 4021; x_wconf 87' lang='lat' dir='ltr'><strong>apud</strong></span> <span class='ocrx_word' id='word_1_250' title='bbox 746 3950 848 4003; x_wconf 87' lang='lat' dir='ltr'><strong>Iulium</strong></span> <span class='ocrx_word' id='word_1_251' title='bbox 864 3953 1005 4007; x_wconf 80' lang='lat' dir='ltr'><strong>Valerium</strong></span> <span class='ocrx_word' id='word_1_252' title='bbox 1028 3951 1208 4009; x_wconf 88' lang='lat' dir='ltr'><strong>in111.libro</strong></span> <span class='ocrx_word' id='word_1_253' title='bbox 1226 3961 1330 4033; x_wconf 78' lang='lat' dir='ltr'><strong>episte-</strong></span> 
     </span>
     <span class='ocr_line' id='line_1_34' title="bbox 317 4032 805 4109; baseline 0.006 -25"><span class='ocrx_word' id='word_1_254' title='bbox 317 4032 372 4087; x_wconf 82' lang='lat' dir='ltr'><strong>lam</strong></span> <span class='ocrx_word' id='word_1_255' title='bbox 387 4033 539 4089; x_wconf 78' lang='lat' dir='ltr'><strong>Alexandri</strong></span> <span class='ocrx_word' id='word_1_256' title='bbox 554 4034 589 4088; x_wconf 85' lang='lat' dir='ltr'><strong>ad</strong></span> <span class='ocrx_word' id='word_1_257' title='bbox 603 4036 805 4109; x_wconf 70' lang='lat' dir='ltr'><strong>Olympiadem.</strong></span> 
     </span>
    </p>
   </div>
   <div class='ocr_carea' id='block_1_5' title="bbox 0 0 1392 4934">
    <p class='ocr_par' dir='ltr' id='par_1_10' title="bbox 0 0 1392 4934">
     <span class='ocr_line' id='line_1_35' title="bbox 0 0 1392 4934; baseline 0 6"><span class='ocrx_word' id='word_1_258' title='bbox 0 0 1392 4934; x_wconf 95' lang='lat' dir='ltr'><strong> </strong></span> 
     </span>
    </p>
   </div>
  </div>
 </body>
</html>
