2776 4934
341 437 384 499 98
610 456 613 463 '
761 444 937 507 umectus

343 609 434 670 cuius
452 602 600 696 vestigia.
642 604 736 685 Unde
747 614 836 670 ortae
853 610 922 669 sint
941 610 1138 671 narrationes
1156 608 1196 669 sle
1212 610 1354 675 Alexan-

344 693 391 753 dri
409 695 443 752 in
455 692 580 753 Italiam
590 691 749 772 adventu,
771 694 874 777 deque
890 695 980 755 hasta
994 696 1028 753 in
1042 698 1150 755 Tauro
1165 712 1283 757 monte
1300 696 1354 759 de·

343 779 427 855 fixa,
449 779 516 837 suis
537 778 616 839 locis
634 777 730 840 docui
742 780 794 840 (¹).
833 778 885 839 Ab
903 778 1086 843 Alexandro
1108 779 1148 839 de
1173 780 1352 845 itineribus

344 865 412 925 suis
442 864 575 947 scriptas
596 860 721 925 litteras
748 862 788 924 ad
807 864 1015 927 Aristotelem
1046 866 1123 926 satis
1148 866 1352 951 exploratum

343 948 491 1024 videtur,
523 946 561 1007 ad
583 947 804 1033 Olympiadem
826 954 1087 1033 utique·cer·tum
1109 952 1242 1033 estfflt·
1262 954 1351 1039 quod

341 1042 421 1097 v'ero
449 1034 499 1093 his
521 1028 646 1094 fabulae
667 1033 826 1093 admixtae
842 1032 985 1109 fuerint,
1013 1036 1130 1119 partim
1149 1034 1352 1121 ipriucAle·

339 1116 454 1187 xandri
475 1140 581 1179 errore
595 1118 712 1180 factum
731 1133 857 1179 constat
868 1121 928 1193 (ὅ),
972 1122 1064 1181 artior
1081 1140 1160 1181 vero
1175 1122 1351 1187 historico·

338 1226 409 1266 rum
434 1202 581 1264 libidine.
627 1204 786 1267 Universa
807 1201 909 1265 illaC
970 1206 1034 1265 acis
1060 1206 1191 1305 reginae
1213 1208 1350 1271 historia

336 1289 471 1352 tortasse
489 1308 583 1349 exeo
599 1303 672 1349 nata
689 1304 755 1365 est,
785 1288 873 1373 quod
887 1288 1035 1351 Iustinus
1049 1290 1090 1345 (⁴)
1107 1306 1256 1376 itemque
1268 1292 1348 1357 Cur·

333 1376 402 1435 tius
418 1373 457 1427 (⁵)
480 1370 689 1459 Cleophidem
718 1375 860 1461 reginam
882 1374 1020 1435 indicam
1052 1374 1150 1437 reim
1170 1376 1347 1443 Alexandri

334 1461 436 1549 gestis
458 1459 695 1543 implicuerunt.
725 1460 793 1519 Hac
809 1474 912 1521 autem
931 1462 1113 1523 coniectura
1123 1459 1226 1525 ducor
1242 1464 1285 1525 ad
1298 1486 1347 1526 ru·

334 1542 529 1631 spirandum,
550 1543 637 1627 quod
652 1543 756 1608 Iulius
768 1544 914 1607 Valerius
929 1546 1046 1605 nullam
1057 1544 1251 1631 Cleoplrirlis
1264 1572 1346 1613 merr-

333 1634 458 1692 tionem
483 1630 606 1689 intulit.
644 1626 715 1717 Ego
732 1630 873 1714 denique
892 1632 1058 1716 scriptoris
1075 1632 1246 1695 meilocon
1271 1660 1345 1701 non·

333 1716 458 1789 nullos,
482 1716 538 1798 qui
556 1715 649 1799 plane
664 1714 703 1777 ad
716 1712 901 1777 ¹fabulosum
916 1715 1042 1777 dicendi
1062 1738 1165 1805 genus
1178 1720 1341 1803 portinere

332 1799 543 1873 videbantur,
565 1798 677 1861 fonnis
687 1804 795 1861 etiarn
809 1802 989 1867 litterarum
1005 1799 1142 1865 diversis
1166 1807 1274 1889 (quas
1287 1808 1341 1869 it..

332 1888 407 1948 litas
435 1890 572 1967 vocant)
594 1887 751 1969 expressi.
797 1886 915 1969 Neque
936 1900 1043 1945 tamen
1072 1888 1150 1950 elias
1172 1891 1341 1975 partimur

334 1992 403 2032 esse
416 1990 511 2055 nego,
531 1967 648 2051 quilius
665 1966 757 2027 fidem
773 1970 843 2029 iure
860 1972 933 2053 quis
949 1968 1100 2059 d'eroget3
1115 1970 1175 2035 sed
1192 1978 1339 2061 quonian

333 2078 388 2116 eae
408 2070 482 2113 sunt
499 2052 668 2126 eiusmodi,
692 2074 825 2135 quarum
841 2056 962 2115 similes
978 2056 1155 2142 complures
1169 2060 1259 2147 apud
1271 2084 1338 2149 pro·

182 2166 189 2195 i
330 2138 423 2200 batos
442 2151 585 2198 auctores
605 2158 707 2220 aequo
724 2140 829 2200 animo
847 2139 931 2199 ferre
948 2143 1105 2219 solemus,
1135 2144 1258 2209 idcirco
1274 2148 1338 2211 nul·

331 2224 447 2285 lamiis
468 2221 659 2309 apertiorem
677 2236 785 2283 notam
801 2222 953 2301 falsitatis
963 2226 1155 2289 inurendam
1171 2236 1315 2317 putavi:

191 2344 318 2401 Historia
395 2308 471 2371 VII.
506 2306 588 2367 Sunt
602 2307 733 2393 'aliquot
749 2324 914 2393 praeterea
933 2314 1194 2395 quaestiunculae
1214 2318 1336 2409 dignus,

155 2446 248 2486 auctor
262 2431 319 2483 A„
332 2410 369 2455 ut
394 2395 553 2469 arbitror,
576 2397 781 2457 corirrnoveri.
824 2396 868 2455 Et
888 2398 1045 2480 primum,
1068 2403 1228 2483 quoniam'
1247 2426 1334 2491 supe·

154 2538 183 2570 ,0
202 2536 233 2569 us
266 2484 415 2568 ,aptiore
438 2483 509 2543 loco
533 2480 758 2563 antiquitatem
780 2482 870 2558 eius,
893 2483 950 2564 qui
971 2482 1051 2545 hanc
1072 2486 1246 2549 historiam
1267 2512 1331 2553 con·

174 2538 240 2655 atri,
252 2602 320 2655 Ale,
331 2566 483 2653 scripsit,
517 2566 612 2627 'certis
643 2568 840 2654 argumentis
868 2564 1087 2647 adseruimus,
1120 2575 1277 2657 sequitur
1302 2590 1330 2637 ut

154 2625 311 2745 {andriam
332 2653 475 2714 eiusdem
506 2664 634 2737 quoque
665 2653 800 2736 patriam
820 2650 966 2715 breviter
988 2656 1206 2754 vestigemus:
1241 2680 1333 2747 (prae,

327 2750 400 2801 'meo
420 2738 550 2824 quidem
567 2736 708 2816 iudicio,
742 2760 783 2797 ex
798 2736 938 2797 eiusdem
953 2738 1105 2801 Auctoris
1120 2741 1235 2803 verbis
1249 2746 1331 2832 plane

328 2826 543 2916 cognoscitur.
584 2822 617 2882 Is
630 2826 714 2882 enim
728 2822 787 2882 lilr.
801 2822 829 2883 I.
851 2844 919 2908 cap.
935 2848 1014 2887 xxv.
1035 2828 1082 2886 sic
1097 2827 1268 2912 loquitur:
1292 2842 1331 2899 rr-

327 2920 375 2973 dst
396 2920 512 2974 insulam
536 2920 637 2970 eminus
655 2916 813 2988 perbrevem
836 2936 888 2973 roro
913 2909 1152 2996 (Alexander),
1183 2926 1229 2977 cui
1250 2946 1332 2983 mm

230 3021 233 3026 ’
327 3004 432 3059 Pharus
456 3023 587 3056 esserum
607 3002 754 3068 diceretur,
777 3002 888 3055 coluisse
907 3020 973 3057 vero
987 3002 1104 3056 Plrnrum
1121 3008 1203 3061 irtam
1222 3011 1331 3071 Prosus
1368 3068 1371 3081 Ι

325 3091 482 3161 conlapsum
498 3090 579 3140 stiam
597 3086 698 3138 ibidem
715 3102 835 3140 cerneret
851 3086 962 3141 Proteos
976 3086 1165 3161 sepulchrum:
1187 3094 1220 3145 id
1233 3098 1330 3171 quida·
1367 3158 1370 3167 Ι

322 3179 447 3249 protinus
463 3186 490 3224 et
512 3168 656 3243 reformari
670 3168 822 3243 adfaciem
835 3174 963 3226 nostratis
977 3188 1005 3227 et
1020 3174 1073 3229 ooli
1090 3175 1252 3250 religiosius
1267 3202 1330 3239 m·

365 3418 410 3489 (1)
431 3420 493 3473 Lib.
511 3424 534 3473 1.
552 3437 685 3491 cup.xvt.
706 3441 733 3473 n.
746 3430 770 3474 1.
786 3436 814 3475 et
829 3442 886 3495 erp.
902 3441 965 3479 cvr.
989 3446 1015 3478 n.
1027 3433 1053 3478 1.

365 3506 410 3576 (2)
433 3506 562 3559 Arrianus
581 3522 624 3561 vt.
641 3516 667 3562 1.
686 3510 870 3579 Athenagoras
887 3508 972 3583 legat·
986 3530 1044 3583 esp.
1060 3527 1177 3569 xxvm.
1197 3516 1330 3573 Minnrins

320 3592 398 3645 Felix
412 3610 470 3661 cup.
482 3608 549 3646 xxr.
567 3593 614 3662 qui
629 3606 655 3644 et
664 3594 768 3666 imigne
781 3593 990 3649 eolunrorrdioit.
1014 3599 1199 3653 Tertullianus
1216 3604 1256 3657 de
1272 3602 1331 3677 pal·

319 3675 358 3731 lio
376 3695 433 3747 esp.
449 3680 499 3731 111.
529 3678 696 3747 Augustinus
724 3680 759 3731 de
777 3681 828 3734 civ.
858 3681 911 3731 Dei
930 3696 1000 3737 ππ.
1024 3690 1050 3738 6.
1069 3691 1111 3739 27.
1135 3687 1185 3755 qui
1206 3702 1271 3745 ιιι.
1294 3700 1328 3743 tt.

318 3764 391 3815 haud
415 3762 530 3814 caruisse
551 3763 650 3815 sabulis
671 3763 745 3816 dicit.

362 3844 409 3923 (3)
433 3848 565 3901 Arrianus
580 3848 628 3902 lib.
644 3864 687 3903 vt.
704 3857 730 3899 1.

362 3928 410 4008 (t)
432 3948 490 3987 xrr.
511 3940 536 3987 7.

360 4016 406 4093 (c)
429 4034 498 4072 vm.
521 4024 563 4071 1⁰.
