2776 4934
220 395 277 462 42Ι
577 391 877 460 ITINERARWM

219 594 307 641 nam
341 569 455 638 virtus
488 566 528 637 in
561 565 685 661 'paucis
725 583 789 663 est.
840 564 986 662 Quippe
1024 567 1071 638 ed
1106 566 1236 641 decem

214 696 322 768 anilia
355 691 537 764 talentdm
570 691 652 762 auri
675 715 744 786 pro
777 708 895 760 matre
920 709 958 761 et
992 689 1077 765 filiis
1103 718 1234 765 uxore·

217 846 292 916 que
315 817 498 914 sponsam
523 815 743 912 iampridem
766 816 922 890 addebat
943 817 1125 913 quidquid
1146 819 1233 891 utri·

198 967 290 1041 'que
322 971 434 1044 regno
458 940 720 1040 possidendum
751 944 859 1016 limes
884 944 1081 1040 Euphratis
1114 938 1232 1040 disne·

214 1069 383 1142 seeret‘l‘>
409 1095 457 1141 ae.
473 1069 636 1173 muniret
661 1093 681 1139 a
705 1094 745 1140 se
769 1069 896 1141 datum
921 1069 985 1154 iri,
1009 1095 1115 1141 eum
1143 1068 1230 1141 filia-

127 1206 132 1223 '
214 1221 301 1287 rum
325 1221 398 1267 una
424 1219 536 1294 quam
561 1194 635 1265 sibi
658 1196 779 1268 victor
802 1196 942 1292 nuptiis
966 1195 1164 1296 delegisset
1188 1195 1228 1267 ad

206 1308 301 1394 -fidei
326 1322 553 1422 religionem.

79 1469 216 1544 Alexaa:
286 1451 410 1521 XLlV.
436 1453 537 1518 Haec
562 1434 664 1518 adeo:
679 1447 801 1541 ampla
823 1445 1060 1528 videbantur,
1087 1462 1133 1517 ut
1151 1452 1226 1518 Par·

36 1570 385 1648 dlrires1²⁰²1·111enionat
410 1571 458 1642 sit
482 1572 656 1655 relatum,
692 1597 730 1642 se
754 1595 840 1642 sane
865 1570 998 1642 dixisse
1022 1572 1053 1642 si
1078 1573 1183 1667 ipsus
1195 1566 1225 1622 (ὅ)

36 1673 105 1714 m
210 1697 416 1772 Alexander
438 1695 553 1784 foret,
582 1698 704 1772 oblata
730 1698 956 1793 petiturumz·
994 1721 1224 1791 responsum·
1260 1716 1262 1725 '

208 1850 328 1919 quea
354 1850 456 1920 rege,
499 1851 538 1894 se
564 1850 712 1917 quoque
737 1825 769 1892 si
793 1823 1013 1892 Parmenion
1039 1821 1142 1893 foret
1167 1823 1223 1895 ob·

206 1951 381 2018 laturum.
430 1947 648 2016 Renuntiari
674 1944 843 2040 denique
871 1947 985 2017 Dario
1007 1946 1134 2019 ‘iubet
1174 1949 1224 2022 in·

147 2109 149 2112 ·
193 2048 398 2144 'scientiam
414 2071 472 2141 sui
487 2069 524 2120 (⁶)
549 2069 684 2154 ridere,
713 2095 805 2164 quae
821 2071 942 2143 omnis
960 2090 1014 2142 est
1032 2098 1117 2158 sua,
1147 2100 1221 2172 par·

205 2215 285 2268 tem
307 2191 470 2267 malleffl)
496 2195 919 2289 quam'universitatem.
962 2202 1061 2270 Nam
1083 2198 1221 2275 deeius

205 2321 308 2402 filia,
334 2320 378 2390 ni
409 2337 614 2415 temperare
639 2322 688 2392 sit
718 2321 927 2416 pulchrius,
966 2325 1115 2420 copiam
1150 2353 1221 2402 non

204 2445 363 2518 morari:
405 2445 550 2541 sibique
582 2448 660 2540 ipse
692 2445 724 2516 si
756 2448 944 2531 consulat,
977 2474 1175 2524 sensurum
1190 2455 1221 2507 “l

202 2595 330 2642 eoram
360 2595 465 2642 nosse
497 2571 675 2644 victoriae
706 2571 863 2653 modum
896 2575 1050 2673 quisque
1075 2579 1221 2652 noverit

140 2786 157 2795 .,
203 2696 360 2768 vincere.
399 2697 625 2771 Hic‘*Darius
646 2698 736 2792 pace
759 2697 937 2795 desponsa
957 2699 1121 2796 parando
1145 2731 1219 2778 rur·

202 2844 262 2894 sus
280 2821 388 2894 bello
415 2821 586 2894 incubuit
610 2826 750 2896 eunetis
776 2828 850 2898 suis
875 2826 1026 2906 viribus.

49 2996 190 3055 θᾶκοι).
222 2980 239 2987 ··
275 2950 394 3022 XLV..
423 2953 584 3018 levem
601 2948 814 3018 :Alexander
837 2952 1039 3019 Palaestina
1065 2951 1139 3023 sibi
1166 2952 1221 3031 in·

24 3078 133 3137 ridetur.
198 3088 363 3168 te'grata,·
394 3070 448 3139 ire
472 3075 682 3166 Aegyptum
707 3068 888 3142 destinat..
928 3070 998 3140 Sed
1024 3072 1126 3141 enim
1149 3087 1223 3152 Ga.

197 3218 268 3266 zan
276 3190 321 3249 ‹J›
345 3194 444 3265 Ratis
461 3191 876 3265 Eunuchusadvorsum
896 3197 1137 3268 transiturum
1163 3228 1220 3276 ar.

197 3335 384 3404 merserat,
408 3313 511 3415 quod
536 3338 576 3386 ea
603 3312 690 3386 'urbs
716 3332 884 3417 suggestu
909 3319 1039 3407 ardua,
1068 3323 1217 3403 harenis

207 3550 264 3604 ’(ιι)
279 3550 343 3596 cod.
363 3546 514 3610 Euphraten
527 3545 686 3605 displiceret.
708 3547 833 3592 Fortasse
848 3547 1016 3597 retinendum
1034 3552 1062 3598 in
1081 3560 1159 3600 textu
1174 3556 1213 3604 ai.

196 3625 329 3684 aplicerot,
344 3625 419 3685 quati
435 3624 498 3671 sita
514 3621 646 3684 duplico,
665 3621 695 3668 is·
722 3617 759 3674 (b)
775 3621 837 3668 cod.
857 3626 944 3684 ipsius.
969 3631 1003 3679 (e)
1022 3627 1085 3674 cod.
1106 3630 1213 3679 inscien-

193 3690 232 3751 'eie
248 3700 321 3747 visui.
349 3700 394 3753 (d)
409 3699 471 3747 cod.
486 3697 564 3747 mlo
592 3703 626 3753 (o)
641 3697 707 3744 cod·
723 3695 1005 3752 consummatur».
1034 3706 1078 3762 (s)
1096 3709 1136 3752 lte
1154 3707 1213 3757 eod.

193 3774 229 3823 ed
245 3773 358 3822 inferia·
379 3775 479 3823 eamn.

192 3872 1212 3913 mamm-...-

236 3958 284 4044 (t)
298 3961 404 4020 Scilicet
415 3965 504 4023 oblate
517 3983 594 4025 antee
607 3972 705 4028 talenta
716 3973 810 4028 decem
819 3970 904 4027 mille·
914 3974 1015 4027 Confer
1024 3993 1083 4046 cap.
1091 3988 1206 4030 xxxix.
