2776 4934
530 433 608 493 SEV
629 431 760 497 LIBER
774 402 827 525 ἰζ
1111 449 1170 508 169

164 603 225 695 qui
250 608 414 673 Homero
440 602 696 696 praedicatore-
714 607 922 682 celebraris!
949 613 1171 687 His‘auditis

163 725 209 796 ab
235 727 385 808 eodem,
413 752 499 800 cum
532 732 644 802 multi
675 732 876 809 admodum
905 737 1059 809 litterati
1096 760 1172 813 stu·

165 851 302 923 diosius
330 877 411 951 erga
437 854 575 934 amicos
606 857 829 955 religioneve
860 865 968 933 tracti
998 864 1069 935 iter
1094 869 1175 938 eius
1276 844 1281 854 .

162 1000 470 1073 prosequerentur
484 980 538 1060 (¹),
558 983 710 1077 parique
726 1010 803 1058 sese
817 987 902 1059 stilo
919 1014 1029 1085 opera
1042 991 1118 1062 eius
1131 991 1171 1043 (θ)

165 1092 419 1194 prosecuturos
445 1131 521 1177 esse
545 1111 806 1203 promitterent
855 1092 999 1257 osssse
1020 1142 1057 1187 se
1079 1116 1175 1187 dixit

165 1229 225 1296 vel
250 1231 457 1302 Thersitem
473 1234 567 1329 apud
581 1241 786 1308 Homerum
801 1162 936 1336 dagis,
953 1264 1062 1333 quam
1078 1241 1175 1336 apud
1228 1274 1232 1285 ·

165 1354 358 1450 scriptores
398 1359 581 1433 eiusmodi
621 1344 801 1433 Achillem
839 1363 960 1459 putari
993 1366 1174 1440 maluisse.

163 1484 384 1576 Hucusque
417 1481 586 1556 autemlb)
617 1511 737 1559 comes
769 1489 844 1559 eius
879 1488 1021 1560 itineris
1054 1515 1094 1560 ac
1125 1493 1177 1561 la·

163 1600 264 1700 boris
290 1626 407 1679 mater
432 1611 623 1706 Olympias
648 1610 782 1681 faite).
807 1613 877 1684 Sed
909 1586 1006 1684 elsim
1031 1615 1177 1708 partici-

166 1748 253 1823 pato
288 1737 461 1807 convivio
497 1725 583 1805 cum
621 1736 737 1837 illam·
758 1736 804 1807 ad
833 1735 1090 1808 Macedoniam
1123 1763 1177 1807 re·

167 1859 347 1943 misisset,
377 1860 439 1931 dat
462 1884 534 1930 una
562 1857 693 1931 ducere
725 1863 941 1933 comitatum
967 1861 1177 1956 spectabilis
1222 1950 1228 1963 Ι

129 2061 131 2064 ⁴
165 1984 412 2056 multitudinis
446 1986 685 2080 optimatium
726 1989 957 2080 captivorum
975 1985 1037 2056 (ωε
1083 1988 1176 2081 ipse·

166 2134 238 2203 que
263 2108 452 2187 devertens
478 2112 550 2185 iter
575 2111 712 2181 institit
737 2111 783 2180 ad
809 2113 975 2183 Darium.

237 2237 313 2305 LX.
343 2239 458 2335 Igitur
482 2260 568 2306 oum
594 2233 665 2304 sibi
689 2260 754 2329 per
780 2234 911 2307 urbem
943 2235 1125 2308 Abderam
1138 2233 1177 2297 (t)
1244 2265 1352 2324 Abdera

165 2363 333 2433 transitus
359 2362 474 2444 foret,
501 2361 676 2433 obseratis
701 2359 801 2430 urbis
827 2387 911 2431 suae
926 2363 1091 2432 claustris
1105 2352 1352 2495 Αδῆῒξζὶῖυῒῃ

1189 2541 1202 2573 a
1234 2541 1262 2574 80
1287 2543 1353 2596 pro.

167 2611 432 2685 contumeliem
457 2627 575 2696 ratus,
609 2628 645 2680 et
678 2611 873 2681 convenire
904 2613 1074 2706 protinus
1108 2604 1273 2681 mideber.

167 2485 304 2557 deritae
344 2512 429 2557 eum
463 2511 509 2554 ne
550 2484 753 2578 reciperent
787 2483 1083 2555 obfirmaverant.
1133 2484 1176 2553 Id

192 2867 233 2916 (a)
249 2863 313 2909 coa.
331 2834 386 2910 suass
412 2857 449 2914 (b)
467 2863 529 2907 cor.
545 2872 641 2909 tanen.

215 3069 262 3150 (1)
286 3074 488 3127 Adscribendus
505 3075 566 3129 heic
583 3075 693 3129 omnino
715 3077 789 3129 locus
807 3071 943 3126 Ciceronis
959 3092 1010 3143 pro
1031 3072 1133 3126 Archia
1148 3089 1179 3127 x.

172 3164 263 3241 Quam
287 3158 384 3211 nrultos
404 3163 548 3230 scriptores
574 3181 661 3213 rerum
682 3176 790 3240 suarum
813 3176 924 3231 magnus
947 3156 995 3211 ille
1019 3157 1181 3213 Alexander

164 3266 258 3300 secum
271 3244 394 3297 habuisse
410 3245 528 3298 dicitur!
552 3248 641 3321 Atque
660 3249 785 3299 istameu
802 3265 859 3297 cum
880 3247 908 3296 in
932 3245 1015 3317 Sigeo
1030 3246 1067 3296 ad
1085 3244 1181 3298 Achil-

171 3332 208 3383 lis
232 3329 361 3384 tumulum
384 3331 548 3399 adstitisset,
583 3332 610 3387 0
625 3327 786 3402 fortunate,
815 3333 915 3404 inquit,
941 3329 1115 3397 adolescens,
1137 3330 1183 3403 qui

175 3430 237 3469 tuae
253 3418 361 3471 virtutis
378 3416 522 3469 Homerum
541 3436 699 3489 praeconem
719 3419 867 3472 inueneris!
891 3415 935 3469 Sic
958 3427 984 3467 et
1005 3417 1182 3484 Symmachus

173 3501 250 3553 laud.
276 3503 304 3552 ἱη
325 3500 449 3556 Gratiam
469 3523 526 3574 cap.
544 3521 603 3556 vtt.
650 3505 741 3558 »Cum
766 3521 864 3574 magno
885 3490 1050 3556 Alexandro
1071 3492 1188 3555 munda·-

173 3607 258 3640 »nam
274 3607 360 3658 paene
374 3588 498 3641 militiam
512 3589 732 3660 philosophorum
750 3591 889 3642 comitatus
909 3588 1004 3660 exegit
1012 3601 1036 3639 ‘.

219 3670 263 3741 (2)
286 3675 385 3725 Confer
404 3675 578 3727 Itinerarium
599 3695 657 3746 cap.
679 3690 771 3730 xvtlt.

219 3757 265 3828 (3)
288 3760 386 3811 Confer
406 3759 581 3812 Itinerarium
602 3779 660 3832 cap.
684 3776 778 3816 xxm.

219 3843 265 3915 (4)
286 3844 380 3897 Mirari
401 3846 473 3897 subit
495 3846 569 3917 quod
589 3847 744 3899 Alexander
770 3846 802 3897 ab
835 3834 886 3898 llio
918 3846 970 3898 iter
999 3842 1124 3898 insistens
1147 3838 1183 3892 ed

170 3931 305 3996 Darium,
326 3931 465 3986 Abderam
476 3930 568 3984 veniat
585 3927 714 3985 Thraciae
731 3933 840 3998 urbem,
860 3946 885 3983 et
902 3932 998 3986 deinde
1011 3929 1046 3983 ad
1062 3927 1183 3985 Moerim·
1247 3989 1251 3999 ¹

166 4018 306 4090 paludem.
