2776 4934
1194 264 1204 294 t

545 434 815 502 ALEXANDRI
1143 447 1183 504 61

172 611 232 681 tit.
267 608 350 686 Nec
376 632 498 694 moras
537 610 682 681 vinctus
707 608 882 693 offertur,
917 634 1061 708 unaque
1083 613 1185 689 flam·

172 761 235 806 nra
253 736 295 787 (²)
320 737 397 808 irae
422 737 499 807 eius
525 704 694 808 extincta
741 741 797 806 Ita
826 736 1048 834 increpitum
1077 739 1185 836 perfi-

172 860 259 934 diae
276 862 443 946 servilis,
479 856 646 957 eoqueffl
671 862 823 933 nornine
847 863 1097 949 verberatum„
1137 866 1185 937 ad

168 1012 311 1083 poenae
349 987 761 1083 conperendinationem
807 986 984 1058 custodiri
1019 992 1060 1062 in
1091 1010 1184 1065 tern-

169 1137 262 1208 pora
286 1115 463 1185 mandan-
496 1120 539 1185 In
564 1131 704 1186 ceteros
728 1114 835 1184 venia
861 1109 1033 1186 liberalis.

245 1244 405 1312 LXXIX.
432 1240 570 1335 Hisque
586 1240 627 1308 in
646 1240 745 1310 hunc
760 1236 917 1310 modum
931 1243 1057 1338 gestis,
1083 1242 1182 1313 exim
1243 1260 1359 1332 sogdia-

168 1362 240 1437 sibi
264 1391 444 1462 equorum
469 1389 666 1435 numerum
692 1368 865 1464 integrat,
889 1366 958 1460 qui
983 1364 1183 1437 admodum
1194 1361 1230 1443 ¹¹?
1244 1350 1356 1416 P¹⁰V³¹¹·

158 1490 325 1584 ‘plurimi
359 1489 463 1561 omni
495 1514 626 1586 genere
658 1488 922 1562 difficultatum
952 1488 1055 1560 varie
1086 1489 1184 1562 defe-
1194 1448 1357 1588 gimacc-

168 1633 306 1716 cerant.
352 1621 437 1708 Ipse
469 1613 524 1683 ire
548 1611 773 1683 Maracanda
789 1613 828 1667 (¹)
853 1612 1061 1697 contendit,
1092 1638 1184 1708 quae
1236 1708 1238 1713 λ

171 1712 362 1839 Sogdianis
387 1763 424 1809 es
442 1736 570 1835 tregia,
596 1737 827 1832 Tanaimque
840 1737 879 1788 (θ
905 1739 1004 1808 exim
1021 1739 1085 1832 qui
1100 1739 1184 1812 sub·

171 1885 275 1940 ortus
303 1890 323 1935 e
346 1872 503 1965 Caucaso
526 1863 822 1959 ingressurusque
850 1864 1056 1955 hyrcanum
1083 1889 1186 1938 mare

167 1991 293 2062 Asiam
318 1962 576 2084 Europaffique
608 1986 778 2080 dispertit
795 1986 840 2055 (ὃ).
890 1987 977 2057 Eius
1003 2013 1085 2082 pars
1111 1987 1184 2059 fer·

168 2135 230 2186 tnr
247 2114 562 2187 Tanaidoshumo
578 2109 661 2182 Asia
676 2108 871 2204 paludibus
888 2115 1048 2185 Maeotis
1067 2141 1183 2187 emer·

166 2266 251 2340 gere
277 2239 416 2323 denuo,
460 2261 656 2332 causasque
680 2235 825 2308 Euxino
859 2235 961 2320 dare,
1004 2256 1049 2309 ut
1073 2265 1181 2313 cursu

165 2391 240 2464 quo
263 2367 428 2438 volvitur
452 2383 622 2464 urgeatur
636 2362 685 2431 (θ’.

241 2496 384 2564 LXXX.
419 2497 473 2560 Eo
499 2489 632 2558 itinere
656 2505 781 2557 tamen
813 2485 1031 2581 praemissos
1056 2493 1177 2560 Mace·
1210 2494 1340 2547 Maccdo-

167 2617 309 2690 doaum
333 2633 447 2688 castra
481 2629 679 2694 metatum,
721 2611 925 2705 improviso
951 2610 1065 2683 affusi
1090 2597 1262 2709 pau-'m'
1292 2600 1342 2633 ‘¹¹¹'

1191 2675 1339 2718 recursores

168 2743 221 2814 cis
246 2743 454 2840 indigenae,
482 2737 698 2832 opprimunt
717 2734 1026 2829 obtruncantque.,
1054 2742 1119 2833 qui
1137 2746 1337 2812 inceduntur.

198 2930 239 2982 (a)
257 2925 321 2971 cod.
336 2923 444 2982 afferma
458 2935 513 2968 una
528 2933 572 2966 ceu
584 2917 698 2974 flamm.
726 2916 761 2973 (b)
778 2919 949 2980 eod-tpraque
959 2929 1041 2978 eoqzoe·
1064 2922 1099 2974 (c)
1112 2924 1176 2973 noi.

161 3001 304 3064 dispergit.

210 3141 256 3212 (1)
279 3143 322 3194 Ita
338 3138 398 3190 cod.
414 3146 566 3188 constanter
584 3132 783 3200 Maracanda,
803 3146 831 3186 at
845 3135 892 3187 alii
909 3136 1054 3208 scriptores
1072 3138 1178 3194 Mara-

161 3229 262 3286 canda·
298 3222 415 3278 Inferius
434 3239 491 3291 cap.
506 3235 637 3273 Lxxxlv.
654 3221 779 3275 scribitur
795 3220 1007 3275 Maracandam.
1224 3218 1227 3222 ’

207 3313 252 3383 (2)
278 3311 345 3365 cca.
362 3308 487 3361 hocloco
506 3304 604 3360 Tanau
620 3306 668 3358 sed
683 3323 749 3360 mox
771 3305 896 3360 Tanaim.
917 3311 1003 3361 Porro
1021 3309 1177 3382 intelligen-

168 3401 217 3454 dus
240 3400 369 3452 Iaxartes
392 3405 460 3445 teste
482 3391 572 3445 Plinio
593 3392 641 3444 VI.
664 3406 727 3445 sect.
748 3399 790 3444 18.
820 3390 975 3449 includente
994 3391 1115 3466 flamini
1130 3398 1177 3450 Ia-

169 3499 267 3549 aoarta,
297 3479 368 3556 quod
386 3477 508 3552 Scythae
527 3475 598 3530 Silin
616 3492 729 3530 uacant:
762 3476 926 3531 Alexander
948 3477 1096 3556 vilitasque
1120 3484 1176 3535 cius

175 3568 281 3624 Tanain
292 3580 422 3639 putavere
438 3581 502 3616 esse.

176 3691 183 3705 .
215 3653 257 3726 (a)
279 3657 402 3722 Nempe:
426 3649 521 3702 Fertur
533 3668 597 3721 pars
607 3649 663 3699 eius
675 3647 814 3703 Tanaidos
829 3667 867 3701 ex
880 3649 949 3701 Asia
964 3647 1072 3721 ailaeapsa
1088 3670 1174 3704 maen·

169 3757 237 3812 gero
259 3740 343 3792 denno
362 3733 506 3808 paludibus
524 3733 679 3789 Maeotidis
699 3734 767 3804 (seu
785 3733 929 3804 Maeotis)
952 3747 1002 3812 etc.
1035 3737 1179 3806 Quoniam'

167 3827 350 3885 verorAuctor
370 3820 507 3874 Itinerarii
526 3819 685 3892 plerumque
708 3837 771 3873 oum
792 3819 909 3874 Arriano
926 3821 1075 3888 consentit,
1096 3824 1172 3874 iuvat

165 3912 229 3964 heic
247 3910 374 3964 exhibere
390 3908 481 3959 locum
494 3906 581 3976 ipsum
597 3906 707 3960 Arriani
721 3905 755 3958 de
773 3923 802 3958 re
817 3905 912 3957 eadem
925 3909 976 3960 ΙΙΙ.
994 3917 1035 3961 50.
1052 3908 1172 3967 Ἐνθένδε

165 4001 209 4054 iri
224 3995 272 4053 ria
288 3994 384 4052 Τάναιν
400 3989 518 4067 asnapii
533 3991 645 4071 προσῄει.
675 3997 721 4067 Τῷ
739 3995 767 4049 δὲ
786 3990 891 4051 Τανάϊδι
908 3993 1012 4070 vairp,
1033 3991 1064 4053 ia
1078 3993 1110 4075 is}
1125 3998 1171 4050 ani·
