2776 4934
428 390 507 454 sev
527 389 660 455 nmen
678 392 706 453 1.
980 342 1070 457 '17'3
1152 480 1155 489 Ι
1212 370 1215 377 ’

65 585 172 655 quem
208 569 360 635 Croesus
400 561 551 659 quidem
594 562 914 658 opulentissimum
948 570 1071 637 conse·
1130 621 1138 642 .

62 687 250 789 orarath:
278 686 340 758 sed
364 714 429 784 per
455 713 539 758 eum
557 684 684 760 divino
699 688 830 784 spiritu
846 709 1073 766 commeante

61 813 253 917 vaticinari
289 813 490 885 antistitem
525 812 578 884 fas
604 832 702 892 erat.
752 821 849 889 Tum
880 815 997 886 fertur
1029 841 1074 888 ex

61 914 172 1032 adyto
198 963 271 1009 vox
296 937 631 1011 adAlexandrumt

79 1118 95 1147 ·.··
147 1095 180 1148 ld
201 1094 311 1167 pridem
334 1095 409 1167 quod
431 1109 463 1151 tu
482 1097 565 1163 facis,

58 1210 62 1215 '
112 1274 118 1279 -
141 1206 283 1275 ΙΗσιτοιιΙεεΙ
299 1205 365 1259 fecit
389 1217 415 1257 et
433 1206 481 1259 ille
502 1208 577 1261 Deus

86 1290 89 1295 Ι
141 1276 183 1376 xEt
204 1314 341 1373 divinitati
363 1316 417 1369 iam
438 1315 598 1370 destinatus.

89 1414 92 1419 ¹
147 1427 237 1496 Quare
260 1439 287 1477 et
308 1439 334 1485 ts
354 1443 403 1495 par
426 1438 465 1478 est
487 1425 557 1485 nihil

144 1537 178 1587 In
200 1534 285 1611 nostri
305 1528 497 1589 contumeliam
519 1535 590 1600 uitis

146 1644 176 1698 Si
193 1645 276 1696 modo
296 1618 442 1698 virtutihus
466 1646 518 1698 tuis

146 1755 189 1806 Ex
210 1752 303 1807 favore
322 1753 475 1809 Numinum
495 1753 619 1806 consulis.

58 1902 169 1974 Hisce
195 1901 302 1973 dictis
328 1930 373 1974 ex
398 1903 508 1997 adyto
520 1956 532 1999 ,Ι
556 1904 657 1976 addit
683 1924 720 1978 et
744 1924 865 1978 vates:

146 2063 190 2114 En
213 2061 305 2126 vides,
327 2080 393 2126 rex,
417 2061 492 2133 quod
512 2062 561 2114 illa
585 2062 635 2115 tibi
670 2072 675 2080 '

144 2152 269 2225 Numinis
292 2171 449 2241 praestigias
471 2171 617 2235 divinatio,

144 2283 220 2350 Quae
242 2291 268 2330 et
288 2280 432 2332 Herculem
456 2292 482 2330 et
504 2279 691 2333 Alexandrum
713 2293 790 2333 vocat
814 2272 862 2336 (⁸).

142 2389 231 2458 Igitur
251 2389 409 2457 praenuntio
434 2389 483 2441 tibi
505 2388 563 2439 fore
586 2403 659 2445 actus
681 2402 741 2444 tuos

143 2500 329 2549 Humanarum
352 2496 475 2548 omnium
496 2496 638 2560 fortiores,

119 2621 124 2629 ”
144 2609 304 2678 Nomenque
323 2622 372 2675 per
397 2606 502 2657 saecula
522 2605 723 2677 porrigendum.

132 2810 257 2876 LXIV.
288 2803 388 2875 Hinc
421 2828 507 2875 cum
539 2788 682 2877 Thelias
717 2801 920 2876 Alexander
954 2820 1069 2876 trans·
1136 2840 1245 2896 Thebae

54 2930 252 3012 eendisset,
286 2947 499 3025 peteretque
528 2930 723 3003 Thebanos
754 2929 920 3000 indidem
955 2933 1069 3002 arma·
1089 2923 1243 3024 Alexandro
1293 2928 1298 2947 ‘

55 3076 182 3129 torum
213 3056 318 3126 mille
349 3056 594 3139 comitatum,
629 3056 798 3129 Thebani
829 3073 953 3153 portas
987 3074 1072 3152 post
1090 3025 1229 3067 mm

54 3186 146 3254 haec
171 3198 362 3278 praecepta
388 3183 590 3276 cluserunt:
625 3180 785 3278 factique
817 3183 893 3254 eius
926 3178 1088 3252 temeri·¹

56 3327 172 3379 tatem
197 3332 283 3377 cum
308 3307 577 3402 supplicatione
593 3333 670 3378 non
696 3325 940 3387 excusassem,
968 3330 1069 3375 arma

58 3453 242 3527 sumpsere
267 3450 304 3521 et
329 3431 374 3502 ad
390 3432 632 3502 resistendum
653 3432 851 3503 violentiae
869 3429 1067 3503 Alexandri

31 3765 33 3769 ,
106 3699 153 3781 (l)
177 3707 325 3778 Tripodem
347 3725 458 3763 aureum
479 3724 495 3764 ,a
513 3708 604 3760 creso
630 3698 701 3778 (sed
721 3702 821 3756 Thebis
840 3703 964 3776 Apollini
982 3707 1068 3761 Isme-

56 3787 127 3868 nio)
151 3807 333 3847 consecratum
350 3805 482 3845 memorat
497 3792 649 3844 Herodotus
668 3792 689 3845 l.
713 3796 754 3843 92.
806 3844 809 3849 .
979 3800 982 3805 '

102 3877 147 3947 (2)
164 3878 304 3931 ,Nimirum
321 3880 353 3930 ab
367 3879 495 3948 Apolline
508 3877 663 3930 Alexander
679 3875 768 3926 dictus
786 3888 826 3926 est
836 3873 972 3928 Hercules.
995 3877 1069 3927 Cou-

56 3968 100 4020 fer
117 3964 260 4018 historiam
274 3964 376 4018 editam
391 3982 448 4033 cap.
465 3979 544 4017 xxx.
557 4032 560 4039 Ι
1182 3984 1191 4029 ο
