2776 4934
327 425 398 487 172,
614 407 881 477 ALEXANDRI
900 410 1042 475 natvs

326 588 509 672 „licitum
537 611 649 684 quem
674 611 749 658 non
776 611 844 682 pro
874 566 1035 657 summa·¹
1044 604 1130 685 cura
1169 604 1348 675 praeverg

325 715 514 795 „tamma
550 715 661 782 Hisce
685 712 792 781 dic'tis
816 711 932 783 sedati
956 727 1062 783 erant
1093 706 1211 778 animi
1243 668 1348 775 mill-

325 859 424 924 tum‚
451 839 701 932 revocatisque
724 837 865 908 viribus
891 837 950 921 ¹ad
984 836 1112 910 officia
1144 833 1346 905 castrensia

325 991 402 1037 sese
427 980 690 1037 converterant.

173 1101 316 1181 Agragan—
402 1093 529 1160 LXIII.
564 1096 682 1186 Quare
716 1090 855 1183 prensis
872 1082 909 1140 (l)
934 1089 1106 1184 plurimis
1126 1082 1344 1213 pivitatibus

151 1191 242 1329 {ffi
254 1210 316 1326 Ξῖ
327 1217 398 1285 iter
422 1215 462 1284 in
489 1221 626 1285 Locros
643 1214 681 1264 (¹)
707 1217 875 1309 protinus
906 1214 1034 1287 vertit:
1062 1224 1150 1308 qua'
1169 1234 1213 1281 m
1256 1208 1343 1280 urbe

151 1372 210 1411 tum
248 1340 472 1414 Ale-resectis
498 1338 630 1409 animis
663 1342 852 1424 omnium,
887 1348 1132 1439 Agragantum
1146 1335 1189 1385 (²)
1214 1334 1340 1407 tendit.

150 1444 264 1502 mm·
327 1476 419 1538 Eam
443 1465 572 1536 urbem
602 1464 780 1563 ingressus
810 1467 970 1536 nihilum
1003 1480 1169 1536 moratus
1201 1458 1338 1533 scandit

327 1593 509 1688 Apollinis
536 1593 738 1685 templum,
767 1591 1064 1685 sacerdotemque
1087 1611 1185 1682 quae
1204 1584 1337 1657 ibidem

326 1718 524 1790 antistabat
548 1717 695 1787 solitam
721 1717 913 1786 vaticinari
940 1715 1045 1785 inid
1072 1713 1198 1807 ipsum
1226 1711 1338 1806 coepit

325 1872 466 1944 urgere.
502 1845 701 1915 Enimvero
729 1868 814 1911 cum
844 1861 961 1923 vates,
995 1840 1071 1916 Dei
1096 1840 1137 1907 in
1171 1864 1213 1909 se
1238 1838 1338 1933 spira·

324 1970 428 2039 tione
453 1985 629 2047 cessante,
657 1968 754 2036 nihil
779 1968 852 2038 tale
877 1994 915 2037 se
940 1991 1047 2061 posse
1061 1963 1257 2048 lateratim,
1267 1963 1334 2034 Ale·

322 2092 459 2164 :rander
494 2108 633 2174 motus,
679 2095 720 2162 ni
760 2093 896 2162 faceret
933 2091 1199 2161 interminatur
1234 2090 1336 2183 tripo-

321 2218 407 2286 dam
421 2217 459 2265 (³²
485 2241 630 2310 quoque
655 2241 694 2287 se
720 2215 766 2285 ad
791 2218 959 2289 Herculis
984 2215 1157 2289 fabulam
1181 2214 1335 2287 sublatu-

322 2367 417 2412 rum.
452 2348 500 2413 Et
535 2367 620 2411 cum
652 2340 752 2413 dicto
791 2340 911 2411 aufert
943 2342 1084 2412 scilicet
1125 2341 1332 2437 tripodam,
1370 2340 1380 2443 ,ἶ

348 2597 388 2645 (α)
408 2594 471 2638 cod.
488 2601 648 2651 protomar.
675 2590 710 2645 (b)
729 2592 791 2638 Cod.
804 2593 896 2651 persis.

367 2796 414 2875 (1)
440 2805 541 2857 Locros
562 2806 664 2857 scilicet
688 2806 825 2859 Graeciae.

367 2884 413 2961 (2)
439 2892 597 2961 Agr-agauri
619 2890 687 2960 (seu
710 2893 860 2964 Arroganti
882 2892 924 2944 vel
943 2892 1109 2967 Agrigenti)
1134 2895 1337 2950 nomineurbu

323 2974 441 3044 quinque
465 2977 609 3044 appellatas
634 2978 672 3028 ait
698 2979 848 3047 Stephanus
871 2978 1048 3046 byzantinus,
1079 2978 1198 3034 siculam
1224 2984 1338 3045 seilicet,

322 3061 479 3122 unciolam,
503 3061 659 3125 euboicam,
682 3063 822 3132 cypriam,
846 3066 968 3117 aetolam.
1011 3066 1054 3116 De
1073 3067 1164 3118 aetola
1185 3086 1264 3123 nune
1287 3086 1337 3122 ser·

321 3165 430 3198 monem
447 3163 503 3195 esse
519 3146 651 3208 arbitror,
673 3149 800 3216 quoniam
819 3150 911 3211 Locris
930 3149 960 3199 in
982 3167 1040 3201 eam
1057 3151 1156 3203 transit
1169 3154 1335 3209 Alexander.

320 3234 406 3285 Porro
432 3230 539 3282 inficeti
556 3232 705 3284 Alexandri
728 3234 855 3298 historia,
886 3252 954 3305 quae
977 3237 1082 3288 saeculo
1101 3252 1156 3289 xv.
1181 3241 1263 3293 edita
1286 3253 1335 3301 ert,

321 3318 400 3368 huius
419 3317 537 3368 nominis
550 3317 707 3388 Agraganti
720 3320 864 3390 vestigium
882 3334 1023 3372 conservat
1039 3340 1096 3391 cap.
1113 3338 1198 3375 xxx.
1222 3326 1267 3379 hit
1281 3344 1335 3379 ver·

320 3403 380 3454 bis:
408 3402 487 3454 Venit
502 3404 529 3452 in
543 3401 630 3455 Iocum
645 3403 690 3475 qui
705 3402 803 3455 dicitnr
819 3404 996 3477 Tragacintes
1022 3398 1070 3477 (at
1090 3407 1120 3458 in
1139 3410 1241 3464 codice
1257 3412 1333 3465 ambr.

323 3489 443 3541 eiusdem
459 3489 589 3540 historiae
607 3489 757 3560 Traganes.
785 3490 829 3542 Ab
849 3493 903 3542 alio
918 3491 977 3542 cod.
994 3492 1080 3544 latino
1096 3495 1186 3546 ambr.
1208 3511 1238 3551 et
1254 3514 1334 3569 grato

321 3572 387 3623 haee
405 3575 524 3625 narratio
542 3556 642 3649 abest).
678 3577 806 3646 Sequitur
823 3590 912 3629 autem
929 3576 957 3627 in
975 3595 1006 3628 ea
1023 3577 1095 3629 edita
1112 3580 1236 3635 historici
1251 3602 1335 3636 narra·

322 3656 362 3707 tio
378 3658 489 3722 eadem,
511 3678 674 3732 quamquam
690 3662 774 3713 aliter
787 3662 944 3714 deformata.
986 3663 1146 3717 Plutarchus
1159 3684 1189 3736 p.
1210 3678 1332 3720 ao-tt.

320 3742 375 3803 ait,
398 3746 537 3796 oraculum
555 3748 589 3797 ab
606 3747 763 3799 Alexandro
788 3750 903 3817 petitum
921 3749 1044 3818 Delphis.
1079 3751 1189 3805 Revera
1215 3768 1243 3807 et
1268 3752 1332 3827 quod

320 3828 381 3879 heic
403 3827 512 3880 additur
531 3831 565 3882 de
589 3832 695 3902 tripode
717 3833 749 3883 ab
767 3835 884 3885 Hercule
907 3834 1029 3899 sublato,
1049 3834 1080 3887 id
1098 3835 1210 3897 factum
1225 3838 1332 3911 Delplss't

321 3925 411 3965 narrat
422 3916 564 3967 Pausanias
580 3916 683 3969 Phocis.
706 3933 777 3968 xrrr.

363 4000 408 4067 (ὅ)
431 4001 504 4053 Nota
523 4001 742 4057 terminationem
763 4002 906 4075 tripodam.
