2776 4934
329 400 388 457 150
616 357 885 459 taanenu
911 395 1068 459 onata..

328 567 433 641 mille
457 567 569 638 etiam
585 550 671 637 eum
690 564 934 673 cataphractis
950 564 1049 639 viros
1065 566 1216 662 ac'eipit,
1244 562 1348 663 quod

328 710 534 765 arinaturae
565 716 677 790 genus
711 679 864 762 orientis
889 691 1055 766 inventio
1089 711 1161 764 est:
1199 717 1241 763 ac
1266 710 1348 763 tum

328 825 472 912 Tyrum
498 817 655 889 advenit.
708 815 903 888 Sedenim
928 818 1035 911 Tyrii
1059 816 1256 892 moenibus
1285 816 1348 890 ob·

328 944 455 1014 seratis
491 940 537 1014 ab
577 943 742 1040 ingressu
783 930 919 1038 oppidi
945 966 1067 1016 arcere
1096 942 1349 1019 Alexandrum

330 1066 632 1150 obfirmaverant,
673 1089 749 1138 non
784 1086 1001 1163 contemptu
1032 1069 1176 1141 scilieet
1208 1070 1348 1142 virium

329 1195 424 1265 tanti
458 1194 619 1265 nominis
651 1191 714 1263 sed
744 1194 886 1264 oraculi
921 1194 1109 1266 cuiusdam
1142 1220 1347 1281 memores,

331 1342 405 1414 quo
432 1319 670 1398 docerentur,
697 1315 796 1413 quod
821 1319 852 1388 si
878 1343 941 1390 rex
965 1319 1097 1392 urbem
1114 1322 1274 1416 Tyriam
1296 1325 1349 1395 in·

330 1460 453 1514 vectus
473 1467 557 1513 curn
581 1442 743 1512 exercitu
761 1442 1001 1529 transivisset,
1029 1445 1183 1522 fortuna
1201 1452 1349 1546 lapsum

207 1644 214 1659 ¹
329 1585 417 1639 tunc
450 1568 587 1665 oppido
618 1557 846 1638 minaretur.'
884 1566 1087 1645 Alexander
1110 1593 1240 1648 tamen
1267 1604 1346 1649 eum

331 1693 531 1768 admolitus
564 1694 781 1766 violentiam
823 1691 1002 1789 oppidum
1033 1720 1183 1796 cuperet
1228 1701 1347 1775 subiu-

331 1847 434 1921 gat-e,
462 1820 616 1916 ancipiti
636 1821 796 1913 proelio,
824 1819 951 1890 multis
974 1822 1085 1894 etiam
1099 1801 1347 1902 Macddonum

332 1946 445 2016 caesis
471 1970 512 2015 ac
538 1944 737 2014 vulneratis
762 1943 896 2039 pedem
921 1945 1043 2019 refert.
1084 1957 1236 2026 Praeter
1260 1952 1347 2049 illud

332 2072 445 2170 igitur
477 2070 578 2163 prius
611 2070 924 2169 magnanimitatis
958 2096 1042 2143 suae
1075 2075 1246 2149 studium
1263 2052 1347 2151 'iam

333 2197 446 2266 etiam
476 2194 730 2292 indignatione
771 2194 974 2267 ferventior
1006 2200 1193 2274 excidium
1228 2203 1346 2300 Tyrllt

333 2319 561 2393 minabatur:
589 2318 705 2415 deque
725 2345 765 2393 ea
792 2347 831 2391 re
856 2324 1016 2396 somniat
1034 2331 1182 2404 moneri
1208 2356 1288 2403 sese
1308 2354 1347 2401 ne

333 2447 557 2547 legationem
580 2445 620 2495 (α)
658 2448 716 2518 sui
747 2453 888 2540 Tyrum
922 2475 988 2544 per
1028 2478 1105 2527 sese
1141 2453 1288 2531 saciata·
1313 2455 1346 2529 id

335 2575 435 2646 enim
462 2573 586 2644 animo
612 2549 915 2667 praedestinabat.

178 2718 324 2771 ttexaaari
410 2705 486 2770 XL
526 2697 652 2768 Missis
692 2699 805 2798 igitur
838 2704 1077 2776 internuntiis
1108 2704 1256 2781 litteras
1294 2705 1347 2781 dat

163 2888 273 2958 Tyrios

164 2806 268 2855 'sstem
289 2803 458 2919 adTyriis
489 2823 738 2921 perferendas,
774 2849 929 2921 quantm
954 2829 1134 2902 sententia
1159 2831 1254 2905 haee
1281 2849 1345 2907 est:

336 2950 608 3038 ,Macedonum
640 2973 704 3022 rex
731 2947 826 3021 filius
850 2955 1069 3026 Hammonis
1094 2956 1348 3056 Philippique,

338 3104 426 3167 ,rex
459 3100 586 3175 regum
625 3075 807 3147 maximus
845 3079 951 3151 Asiae
990 3105 1055 3152 seu
1089 3088 1265 3177 Europae
1298 3084 1350 3158 vel

339 3253 355 3290 a
364 3202 523 3296 Libyae,
555 3200 678 3292 Tyriis
699 3203 788 3272 haec
822 3202 922 3275 dicit.
974 3205 1156 3300 Equidem
1181 3233 1350 3306 graecum

340 3349 403 3416 „et
435 3326 627 3425 imperiale
659 3325 851 3399 videbatur
881 3354 967 3402 oum
998 3331 1192 3404 clementia
1218 3337 1351 3430 paritet
1384 3392 1386 3409 .

341 3481 404 3541 ,aa
428 3455 567 3528 iustitia
590 3453 717 3524 invehi
741 3453 872 3528 urbem
887 3473 1056 3529 vestram.
1088 3465 1140 3528 At
1165 3460 1275 3533 enim
1295 3484 1350 3533 ros

340 3582 477 3675 ,primi
511 3582 682 3652 omnium
715 3566 884 3653 extitistis
921 3582 984 3677 qui
1017 3582 1111 3652 mihi
1135 3583 1351 3659 insolentius

341 3704 572 3789 ,obviaretia
622 3705 738 3804 Igitur
761 3732 828 3800 per
856 3732 922 3780 vos
946 3710 1075 3779 ceteris
1101 3709 1218 3782 etiam
1245 3715 1350 3815 magi·

364 3993 405 4045 (a)
424 3992 486 4037 cod.
506 3986 641 4049 legatione.
