2776 4934
421 447 693 525 ,numanum
786 477 790 487 ·
1025 451 1068 519 4⁵

50 622 246 697 niamenti.
283 623 403 722 -Quod
427 624 591 720 portenti
617 625 877 702 coniectatores
901 650 987 696 oum
1013 632 1066 697 te

48 770 113 822 cus
146 747 341 833 ducerent,
378 747 626 822 Alexandrum
658 774 778 823 sermo
813 771 868 824 est
902 746 1064 848 pronun·

46 876 221 960 oiavisse,
248 899 330 947 eam
355 872 496 946 urbem'
510 875 638 945 multis
663 874 758 946 circa
783 879 991 972 palantibus
1010 880 1064 951 vi·

47 1000 200 1091 cinirvlef
223 997 393 1101 gentibus
423 1002 589 1072 altricem
623 998 800 1076 futuram.
851 1010 950 1077 Haeo
984 1030 1065 1077 mo·

48 1125 159 1197 lienti
183 1127 303 1199 omnis
331 1127 484 1222 quisque
504 1126 671 1200 faverant
694 1126 828 1209 Persis,
854 1128 990 1199 relictis
1009 1152 1064 1199 sa·
1144 1172 1152 1191 ι

47 1251 180 1346 trapis,
203 1251 412 1341 Alexandro
439 1275 635 1323 accessere:
673 1274 870 1346 coramque
894 1280 962 1349 pro
988 1279 1063 1327 me·

43 1376 122 1448 rito
147 1394 213 1449 aut
235 1379 429 1450 voluntate
453 1375 659 1452 laudantur.

123 1507 168 1580 L.
201 1509 285 1597 Ipse
298 1503 519 1577 Hammonis
544 1526 688 1574 sacrum
713 1505 824 1600 longe
837 1501 890 1570 -in
916 1495 1072 1574 desertis.
1093 1522 1218 1599 peregri.

47 1627 196 1725 situm,
212 1645 261 1700 ut
285 1627 351 1696 illa
377 1625 448 1696 sibi
474 1628 601 1721 opinio
628 1630 742 1722 patris
766 1642 897 1706 staret,
930 1611 1216 1750 itinerefflmjd

48 1750 194 1821 incerto
228 1768 265 1820 et
297 1748 507 1826 inlimitatis
540 1749 632 1823 locis
658 1774 790 1849 magno
817 1749 959 1820 dierum
984 1752 1073 1843 plu·
1067 1797 1147 1834 nem

47 1874 149 1944 rium
174 1874 301 1945 labore
326 1871 532 1955 contendit,
566 1873 741 1966 quoniam
767 1875 909 1944 harenis
934 1898 1065 1968 aequa·

44 1998 145 2071 libus
160 1997 224 2068 diu
241 2023 317 2069 non
334 1993 552 2068 dinoscibile
568 2015 631 2074 est.
682 2000 852 2093 Denique
876 1998 966 2071 duos
983 2024 1070 2070 cor··

45 2149 112 2195 vos
129 2122 349 2194 draconesve
361 2125 527 2218 praevios
543 2121 772 2195 ivisseaiunt
791 2124 935 2198 inimici
956 2122 1069 2195 fabo.

10 2230 25 2261 Ρ
44 2250 166 2319 larum
180 2248 234 2333 (¹),
248 2338 250 2343 Ι
263 2245 440 2320 donicum
458 2250 583 2326 locum
601 2250 693 2321 sacri
711 2249 856 2345 appulit
875 2251 949 2331 ire,
976 2272 1069 2330 sane,

42 2390 227 2445 secretum
237 2378 326 2464 „Deo
343 2391 381 2444 et
405 2372 565 2444 admira
587 2398 751 2468 quaeque
776 2372 1008 2444 credendum.
1072 2446 1077 2453 ,

120 2504 201 2570 LI.
217 2498 361 2613 Quippe
383 2525 449 2593 per
473 2500 697 2569 immensum
719 2497 815 2570 illud
831 2500 980 2598 pelagus
997 2500 1237 2593 h³··1·'aniflm

42 2648 220 2695 renerum
251 2598 325 2694 loci
357 2619 467 2695 facies
500 2620 660 2692 offertur
690 2623 848 2706 consita,
883 2622 1057 2723 arborum
1071 2638 1189 2676 ¹¹¹⁰¹¹²⁸⁰¹
1197 2643 1268 2683 ³1··

1072 2717 1115 2758 tus
1144 2725 1236 2760 amou—
1299 2737 1301 2743 ·

44 2749 186 2830 virens,
220 2723 434 2817 nemoribus
458 2742 649 2824 umbrosa,
687 2745 872 2838 inhospita
897 2746 1210 2852 ⁸⁰lib¹1⁸⁹ffimmu2

43 2873 163 2971 fontis
180 2865 369 2954 affluens,
376 2887 453 2941 tam
468 2874 550 2940 Deo
573 2891 685 2962 quam
704 2867 820 2962 copiis
841 2867 952 2940 dives.
986 2872 1059 2942 Hic

38 3000 158 3098 pratis
174 2995 317 3080 mollis,
344 2995 406 3066 hic
418 2991 569 3067 floribus
590 2994 705 3088 picta,
731 2991 857 3092 glauca
876 2989 937 3097 hio
954 2993 1058 3080 oleis,

39 3127 104 3217 hic
130 3121 231 3196 ebria
254 3119 411 3205 Libero,
453 3119 514 3192 hio
538 3119 671 3216 palmis
696 3113 887 3189 arboribus
912 3115 1057 3216 grandi·
1130 3207 1132 3211 y

42 3249 120 3335 fera
152 3267 193 3322 yet
224 3246 433 3330 caesariata,
467 3241 787 3317 interscatentibus
819 3243 995 3337 nymphis
1018 3240 1057 3293 (ὓ
1131 3304 1135 3311 .

46 3392 84 3445 et
107 3356 438 3471 interloquentibus
463 3371 606 3446 ritulis.

94 3654 140 3734 (1)
159 3663 262 3731 Nempe
286 3659 359 3732 apud
374 3659 522 3722 Attianum
538 3664 588 3716 ΙΙΙ.
607 3673 630 3718 ὅ.
649 3661 821 3716 Aristobulus
842 3673 869 3714 et
886 3660 1056 3714 communior

45 3744 124 3798 fama
141 3762 248 3812 conos,
268 3746 430 3799 Ptolemaeus
448 3744 575 3802 dracones
593 3748 707 3821 praevios
723 3746 802 3799 ivisse
816 3746 973 3801 Alexandro
990 3760 1076 3798 nutus

43 3843 117 3884 rant.
140 3831 175 3883 Et
191 3831 297 3911 quidem
311 3831 361 3888 hos
376 3842 497 3883 auctores
513 3848 562 3886 oen
578 3835 738 3906 plerumque
755 3831 917 3888 certissimos
932 3831 1053 3906 exscrip-

39 3916 80 3971 eit
97 3916 238 3970 Arrianus.

88 3997 135 4078 (2)
159 4003 202 4055 Ita
222 4001 280 4056 eod
298 3992 347 4076 pro
364 3998 503 4079 lymphis,
525 4015 558 4056 ut
573 3983 627 4055 alia
643 4003 769 4075 exempla
786 3976 891 4059 <item
