2776 4934
347 396 366 412 ²
422 400 666 471 ‘saarim
806 444 816 461 .
1010 415 1071 472 ros
1141 372 1143 376 ⁷
1217 402 1219 410 '

58 575 165 636 inesse
180 562 332 659 ‚sirpe‘rius
344 571 455 639 docui.
495 573 614 636 Iulium
629 587 734 653 tamen
751 574 909 639 Valerium
925 576 1069 636 nomina-

59 661 152 736 tim,-
167 654 321 744 quantum
336 658 423 735 vidi,
452 658 688 723 Sancticrutius'
707 680 772 721 non
795 661 944 747 appellat.
985 659 1068 744 Qui·

58 769 131 807 nam
144 768 221 808 vero
241 746 287 804 sit
303 743 385 805 liber
403 746 494 807 cuius
512 745 646 806 titatium
660 755 701 808 or·
722 773 749 821 o,
769 768 854 820 uras,
875 756 934 809 vite
949 767 977 807 er
992 770 1069 809 actm

58 838 221 895 Alexandri
244 826 475 892 Sancticrucius
497 828 616 893 diserte
636 851 696 917 pro
712 844 780 906 ert,
816 833 964 918 superius
991 833 1069 893 item

59 914 289 979 demonstravi.
729 964 739 977 ..
975 946 978 951 ·

123 999 322 1086 Appendicis
344 1001 415 1062 loco
437 1001 477 1063 ad
498 1016 674 1064 extremum
696 1022 831 1077 moneo,
860 1003 923 1062 tria
940 1001 1071 1087 insuper

61 1086 182 1171 scripta
202 1084 440 1161 dis-Alexandri
465 1090 566 1177 gestis
597 1089 682 1165 inter
708 1086 832 1149 codices
853 1086 1072 1157 ambrosianos

64 1174 268 1237 occmrete..''
286 1183 316 1234 1.
340 1172 433 1258 Opus
452 1178 600 1262 ¹gradium
622 1173 736 1234 humili
760 1173 889 1256 quidem
916 1173 992 1235 stilo
1016 1171 1072 1234 sed

63 1254 204 1317 nondum
220 1255 369 1320 barbaro.
406 1256 446 1317 Id
456 1282 532 1320 cum
547 1259 633 1320 Iulio
651 1258 891 1341 Valerianaspe
911 1261 1072 1346 congruit,

63 1364 156 1427 saepe
168 1344 381 1416 etiamebeo
398 1342 569 1429 discrepat.
603 1346 674 1434 Ego
689 1364 730 1406 eo
747 1338 857 1405 codice
876 1364 985 1429 graeco
998 1345 1072 1429 (qui

62 1442 111 1488 est
126 1426 168 1489 0.
179 1436 251 1491 117.
262 1444 346 1512 part.
357 1433 448 1515 sup.)
468 1431 503 1489 in
520 1429 642 1493 edendo
657 1432 743 1492 Iulio
759 1427 888 1493 Valerio
903 1427 988 1488 haud
1002 1449 1073 1490 raro

60 1535 139 1573 usus
155 1534 225 1573 sum
242 1513 277 1573 in
302 1514 564 1577 adnotationibus
578 1519 670 1578 meis.
708 1515 861 1579 Auctoris
878 1514 1007 1585 nomine
1024 1535 1073 1574 ea·

60 1614 113 1660 ret
134 1597 231 1658 liber.
269 1598 332 1675 Sed
368 1598 489 1661 rofeoto
513 1622 578 1660 nan
597 1615 649 1661 est
669 1602 724 1663 ille
749 1596 1073 1661 Pseudo-Callisthe-
1161 1665 1163 1670 .

61 1704 120 1742 nes
142 1703 240 1765 mem
251 1681 334 1745 dicit
346 1623 577 1747 banctiaueius
597 1709 631 1769 p.
650 1690 722 1763 163.
749 1700 782 1745 et
801 1704 894 1766 seqq.
920 1683 971 1743 uti
993 1682 1073 1744 mibi

62 1768 208 1827 innotuit
223 1764 402 1829 conferenti
423 1768 565 1841 eiusdem
574 1766 711 1839 iocose't
727 1784 898 1855 xenaiam
919 1767 1074 1829 sSancti·

62 1849 169 1915 crucio
194 1864 334 1913 notatos.
380 1865 411 1916 2.
436 1852 527 1938 Opus
551 1848 715 1915 arabicum
728 1853 846 1939 tabuiis
870 1852 1074 1938 inquinatum

63 1935 156 2021 (cod.
182 1933 220 1998 C.
243 1943 295 2000 26.
321 1953 405 2038 pert.
429 1942 526 2023 sup.)
575 1943 606 2001 3.
621 1939 744 2000 -Po'ema
769 1939 913 2000 Gualteri
935 1938 1073 1999 notissi-

61 2032 263 2106 mumatque
287 2024 408 2085 editum
417 2030 456 2100 ‚-.'
489 2023 554 2085 uod
575 2024 733 2108 repetitur
754 2027 790 2085 in
819 2023 925 2085 tribus
954 2022 1074 2085 codici·

60 2107 121 2167 bus
138 2124 221 2191 part.
240 2129 311 2192 sup.
331 2110 376 2171 L.
392 2116 455 2173 57:
506 2126 518 2169 .·
535 2120 584 2172 10.
611 2110 646 2169 Ρ.
668 2115 698 2171 6.
998 2114 1001 2119 ’

126 2192 187 2255 lX.
212 2193 352 2276 Quaeret
371 2194 603 2255 ad·extremum
617 2194 756 2277 aliquis,
779 2215 834 2256 cur
851 2216 948 2278 quum
966 2194 1071 2287 Iuliup
1094 2211 1247 2268 1u11u3va.

63 2278 209 2341 Valerius
235 2277 337 2341 doctis
359 2281 489 2364 aliquot·
505 2282 586 2342 viris
606 2280 708 2341 multo
726 2296 818 2356 ante,
847 2296 884 2340 ut
903 2279 1166 2354 ‘vidimussteriug
1201 2315 1248 2349 cur

63 2365 263 2441 innotuerit,
284 2366 407 2426 tamdiu
422 2365 638 2427 nibilominus
660 2365 694 2423 in
718 2368 906 2427 scriniorum
927 2362 1072 2426 obscuri·
1085 2397 1147 2438 ante
1177 2383 1247 2434 harre
1332 2376 1341 2395 ⁸

63 2465 129 2510 tate
146 2450 301 2512 iacuerit?
323 2453 427 2512 Prima
443 2465 492 2511 est
529 2449 665 2510 enerslis
684 2452 864 2534 responsio,
885 2451 1002 2509 multos
1016 2448 1159 2522 addim
1188 2467 1248 2520 ine.

63 2536 126 2596 buc
152 2537 188 2593 in
213 2533 423 2596 bibliothecis
448 2472 630 2594 sordescere
661 2532 807 2610 codices,
840 2535 875 2593 in
898 2556 979 2617 quos
1010 2535 1170 2608 &Mirus

64 2619 243 2681 identidem
266 2619 411 2690 eruditus
429 2619 546 2703 aliquis
564 2614 679 2678 incidit
700 2619 830 2695 oculus,
852 2618 952 2679 iidem
968 2633 1075 2677 tamen

65 2705 117 2765 vel
133 2705 182 2764 rei
197 2707 389 2767 nummariae
405 2702 592 2764 difficultate
605 2702 657 2762 vel
672 2702 813 2763 locorum
828 2717 882 2763 aut
895 2719 1074 2788 temporum

63 2789 259 2853 adversitate
276 2789 330 2852 ve'l
343 2791 405 2850 alia
422 2788 536 2873 quavis
553 2806 646 2846 causa
660 2789 833 2874 compressi
850 2804 938 2848 sunt.
976 2789 1074 2848 Nam·

16 2884 18 2890 '
66 2896 130 2958 que
148 2895 259 2935 revera
270 2874 358 2958 quod
370 2889 517 2937 veterum
533 2872 651 2956 scripta
666 2870 797 2947 lateant,
818 2871 966 2935 fortunae
981 2893 1073 2958 saepe

62 2961 186 3021 crimen
207 2968 336 3020 estnon
359 2959 535 3041 hominum.
568 2956 696 3019 Deinde
718 2959 810 3042 pauci
827 2957 994 3019 admodum
1017 2960 1074 3021 ho·

61 3047 168 3109 aurias
190 3044 310 3104 eruditi
324 3044 416 3129 ¹opus
429 3042 509 3105 Iulii
528 3041 649 3127 Valerii
667 3064 761 3103 manu
778 3059 1005 3123 versaverunt,
1025 3044 1077 3104 ni·

33 3198 44 3209 „
62 3133 181 3192 mirum
195 3130 326 3191 Iuretus
340 3145 374 3191 et
389 3126 528 3217 cangius
545 3143 578 3188 et
592 3126 729 3193 fortasse
745 3127 996 3208 chiffletium),
1019 3130 1076 3213 qui
1147 3152 1150 3158 ’

64 3216 195 3302 qriidem
210 3216 252 3275 iis
275 3215 476 3301 temporibus
496 3215 670 3291 vixerunt,
693 3215 812 3299 quibus
829 3217 965 3302 plurima
986 3225 1078 3279 vete·

57 3324 134 3365 tum
151 3303 271 3386 scripta
285 3302 426 3363 nondum
444 3301 534 3384 typis
562 3301 726 3361 commisse
746 3318 848 3364 erant.
885 3302 1002 3363 Iemet
1019 3299 1077 3385 qui

30 3398 33 3405 ’
64 3386 208 3449 homines
234 3387 378 3450 codicum
401 3386 625 3450 oxoniensium
655 3407 689 3447 ac
710 3380 938 3471 parisiacorum
962 3388 1078 3450 catalo-

118 3651 162 3725 (1)
190 3657 246 3728 Qui
260 3654 362 3709 Iulium
376 3655 517 3709 Valerium
543 3654 610 3708 olim
633 3673 697 3726 prae
721 3655 845 3710 manibus
867 3653 1032 3730 habuerint,
1054 3653 1077 3710 ii

68 3737 147 3795 Galli
168 3756 259 3808 mant,
280 3741 399 3807 scilicet,
420 3753 451 3793 ut
477 3740 614 3807 diximus,
637 3742 801 3806 Cbiffletius,
820 3743 938 3806 Iuratus,
960 3755 986 3795 et
1002 3745 1076 3796 Can·

64 3824 138 3896 gius.
172 3826 274 3881 Revera
299 3838 326 3895 et
353 3827 534 3881 ambrosianus
555 3827 639 3879 codex
662 3844 677 3877 e
699 3828 789 3880 Gallia
814 3826 913 3897 petitus
929 3828 990 3880 suit.
1030 3827 1075 3882 Sic

61 3910 182 3966 enisain
200 3930 231 3964 eo
249 3912 353 3982 scripsit
378 3913 424 3966 ille
443 3913 488 3983 qui
507 3911 681 3964 ambrosianae
697 3912 866 3964 bibliothecae
883 3913 987 3985 primus
1002 3930 1076 3983 prar-
1127 3964 1129 3968 ,

58 3997 115 4049 fuit
125 4002 141 4049 τ’
156 3999 250 4051 »Hunc
270 3997 390 4050 codicem
406 3997 547 4051 Aveuione
562 3997 714 4049 vehendum
730 3999 904 4049 curavimus«
