2776 4934
322 470 381 529 232
598 456 866 525 ALEXANDRI
887 456 1043 521 oBITvs

323 635 459 722 ,talem
483 650 547 703 aut
572 630 794 705 desiderium
824 654 1003 725 umquam
1034 622 1163 696 indici
1198 622 1330 719 imperii

323 759 525 845 „adstitisse
536 757 594 826 (ωε
629 754 693 828 sed
728 757 829 828 enim
862 778 1013 827 omnem
1046 752 1165 823 illam
1201 774 1328 821 causan

323 885 481 981 ,proelii
506 886 600 953 hanc
623 881 750 964 fnisse,
775 881 807 951 si
833 880 1084 975 experimento
1122 877 1215 970 ipso
1250 872 1329 945 forti·

323 1010 483 1097 ,tudinis
508 1033 612 1090 suae,
637 1022 760 1107 gentes
785 1030 934 1100 quoque
950 1022 1091 1076 ceterae
1116 998 1328 1079 didicissent

324 1135 554 1223 ‚amicitiam
578 1157 680 1203 suam
706 1132 866 1230 singulos
883 1124 917 1179 (ὂ)
942 1128 1058 1227 magis
1096 1150 1227 1222 quum
1249 1124 1330 1195 velt·

324 1261 529 1347 ,mantiam
555 1258 721 1354 experiri.
757 1255 958 1329 convenire
984 1254 1102 1352 igitur
1130 1252 1241 1321 irent
1259 1248 1329 1344 quis·

326 1411 422 1480 ,que
447 1385 484 1454 in
513 1408 593 1464 sua,
620 1408 687 1453 nec
712 1383 810 1452 ultra
843 1381 1041 1477 quicquam
1073 1376 1127 1449 de
1164 1377 1329 1449 victorum

326 1510 546 1594 ,insolentia
571 1507 814 1602 trepidarent:
852 1531 934 1578 cum
959 1506 1026 1575 illa
1058 1528 1226 1600 quoque
1249 1522 1326 1574 caus

325 1635 396 1721 ‚ab
422 1633 674 1732 indignatione
697 1633 847 1705 victoris
886 1657 961 1702 sese
996 1631 1138 1725 utique
1173 1644 1327 1703 tuerent,

327 1759 449 1856 „quod
473 1761 639 1855 plerique
664 1759 806 1830 soleant
829 1758 868 1827 in
894 1757 1082 1827 ultionem
1110 1754 1255 1852 prioris
1268 1774 1329 1824 cou-

327 1887 528 1970 ,tumeliae
553 1886 696 1980 insequi
720 1902 916 1979 superatos.
967 1887 1054 1953 Non
1095 1883 1207 1954 enim
1242 1875 1328 1951 Indos

327 2011 480 2104 „culpae
504 2010 603 2079 illius
619 2011 653 2060 (θ)
679 2035 760 2081 reos
784 2008 880 2104 apud
905 2033 946 2082 se
972 2006 1110 2090 fuisse,
1140 2009 1329 2078 verumPo·

326 2158 438 2214 ,rum
465 2133 528 2225 qui
562 2152 615 2201 sat
647 2132 717 2203 sibi
751 2158 953 2228 poenarum
987 2157 1060 2225 qua
1085 2129 1134 2184 (ἆ)
1167 2132 1226 2202 lex
1258 2124 1332 2199 belli
1363 2124 1366 2131 ’

328 2257 497 2339 ,monuit
520 2256 768 2350 praestitisset.
790 2255 860 2326 Sed
884 2283 930 2326 ne
955 2257 1028 2350 ipsi
1062 2256 1214 2354 quidem
1246 2256 1334 2326 ultm

329 2381 428 2465 ,iam
453 2383 569 2455 hostis
595 2406 699 2462 sum,
727 2382 789 2451 ait.
817 2383 914 2478 Quin
950 2383 1066 2455 etiam
1107 2387 1230 2457 hortor
1259 2406 1334 2452 mo·

331 2534 499 2604 „neoque
523 2533 589 2579 vos
613 2508 671 2578 uti
696 2534 837 2606 regern,
863 2526 903 2578 ut
927 2507 979 2578 fas
1015 2509 1145 2607 exigit
1177 2528 1216 2581 et
1243 2506 1332 2581 vobis

180 2604 320 2745 Inffiss
331 2635 470 2717 „moris
497 2652 570 2717 est,
598 2634 805 2730 sepulturae
830 2632 1037 2703 inferatis«.
1075 2635 1142 2706 A'd
1156 2634 1329 2707 haecdicu

179 2776 301 2828 Alexan.
330 2758 527 2831 Alexandri
566 2783 640 2829 non
680 2775 893 2830 cunctanter
924 2757 1079 2852 quidem
1115 2761 1330 2858 adquieverit

179 2860 319 3019 ἓξὲξ
331 2884 385 2955 vis
410 2883 596 2955 Indorum.
631 2883 824 2954 Sedenim
857 2881 1065 2957 Alexandro
1101 2910 1189 2960 non
1225 2884 1329 2980 absque

332 3008 415 3079 utili
443 3009 617 3100 sapientia
651 3010 739 3079 haec
771 3008 959 3079 humilitas
989 3007 1160 3096 sederat,
1199 3022 1324 3083 cumtl

333 3133 412 3201 vim
435 3129 597 3200 indicam
621 3158 727 3228 saepe
753 3152 920 3228 expertus
944 3133 1057 3217 foret,
1101 3154 1144 3207 et
1183 3140 1316 3233 plera?

335 3254 488 3352 praedae
514 3281 646 3327 eorum
672 3283 764 3352 quae
788 3284 912 3331 secum
935 3261 1101 3356 plurima
1129 3267 1315 3362 gentissfl

334 3407 438 3453 more
462 3380 545 3451 Indi
570 3382 615 3452 ad
641 3384 824 3477 proelium
850 3386 1004 3468 vehunt,
1035 3386 1077 3454 in
1107 3413 1227 3465 suam
1255 3406 1322 3489 pote·

333 3522 465 3577 statem
488 3507 596 3577 sciret
623 3534 698 3579 esse
722 3511 949 3606 translapsa·
1044 3592 1050 3603 ,

186 3624 321 3764 ἀέθᾜὴ
407 3637 500 3709 XVI.
535 3639 653 3729 Quare
678 3633 829 3705 domitis
845 3634 1010 3708 hostibus
1036 3657 1325 3741 avectaquepne

173 3811 320 3861 gvmnoso-
333 3753 395 3838 da,
422 3757 469 3826 ad
495 3757 766 3851 Oxydracontas
785 3762 844 3843 (θ,
877 3784 968 3855 quae
993 3786 1081 3859 gens
1111 3768 1220 3839 exim
1245 3768 1324 3841 colit,

1191 3882 1322 3901 -Ἀ

180 3879 288 3946 Phi-⁹²⁸⁸·
330 3877 394 3959 —(a)
412 3907 476 3952 cod.
492 3910 642 3956 adstitisset.
671 3908 705 3963 (b)
723 3915 762 3957 lta
780 3911 839 3957 cod.
858 3911 981 3973 singulos.
1009 3916 1112 3961 confer
1139 3922 1267 3969 itinerar.
1286 3930 1323 3975 up·

331 3994 391 4031 cvr.
410 3996 435 4026 n.
452 3980 475 4028 b.
503 3987 538 4036 (c)
556 3988 595 4031 Ita
613 3985 855 4031 codicellorum
877 3984 1017 4034 dicendum
1040 3988 1131 4040 ullius.
1158 3996 1206 4051 (d)
1230 4000 1265 4045 lta
1284 3992 1324 4041 ccl

328 4058 381 4103 nisi
398 4058 476 4102 mavit
493 4074 567 4118 qum.
592 4064 627 4113 (a)
645 4062 707 4107 cod.
730 4060 925 4122 Osydracontar.
