2776 4934
530 431 760 502 sesemen
779 410 880 524 11ss
937 528 939 533 ,
1071 409 1075 416 ’
1129 444 1189 502 ess
1281 411 1285 420 '

164 618 397 694 perimentum,
417 612 494 696 quin
509 624 542 674 te
566 631 693 696 quoque
716 613 770 673 sui
800 626 971 693 conspectu
995 614 1188 696 dignentur.

163 708 278 786 Multa
303 725 411 802 igitur
431 726 627 784 eiuscemodi
653 746 722 783 cum
752 747 813 802 per
841 724 932 788 amne
958 727 1035 801 iter,
1051 727 1187 787 uidisset
1274 790 1277 796 ,

164 836 411 915 audiuissetque
438 834 646 914 Alexander,
684 836 817 896 taudem
842 857 911 896 cum
947 836 1115 900 Candaule
1140 834 1186 896 ad

163 947 289 1026 regiam
314 942 479 1004 Candacis
501 946 600 1007 veuit.

227 1051 313 1113 Lvl.
346 1053 456 1151 Queqre
473 1053 537 1113 iam
555 1054 698 1130 primum
706 1043 842 1137 fratres
859 1057 929 1119 eius
943 1067 1079 1136 postque
1095 1068 1128 1115 et
1138 1077 1186 1117 re·
1208 1062 1361 1131 ¹Aclvensus

164 1167 247 1245 gina
266 1175 371 1223 mater
384 1182 459 1222 -eum
480 1165 593 1242 regiae
609 1185 748 1243 pompae
760 1167 923 1227 comitatu
943 1165 1115 1233 ¹Cassdault'
1134 1149 1224 1246 ‹ib-¹¹²}
1249 1146 1360 1200 cm*

163 1278 312 1350 uiantes,
336 1275 372 1334 iu
385 1264 563 1343 coszples‘cus
578 1276 648 1336 eius
664 1273 907 1352 gratulabundi
923 1277 1050 1335 irruere
1064 1277 1185 1361 gestit·
1196 1252 1234 1286 ω
1256 1231 1359 1286 ‘mlum'

166 1384 255 1446 baut.
298 1385 469 1446 Sedenim
489 1387 661 1462 praevenit
680 1384 833 1464 iuuenis,
856 1405 914 1445 nea
932 1387 1028 1464 prius
1045 1383 1110 1445 sibi
1126 1386 1186 1446 ad·

157 1487 279 1581 fectus
299 1493 431 1555 huiusce
444 1492 597 1576 obsequia
612 1494 780 1572 deposcit,
805 1516 901 1577 quam
920 1497 1093 1577 Antigono
1108 1517 1186 1575 gra·
1277 1484 1281 1495 ¹

165 1609 234 1669 tias
247 1619 344 1686 super
362 1607 482 1667 adiuta
497 1625 565 1665 sese
583 1627 623 1663 ae
642 1603 784 1665 liberata
805 1608 942 1684 coniuge
966 1597 1111 1691 confessi
1124 1598 1191 1692 s⁰··

165 1718 254 1779 renti
298 1720 398 1780 Hunc
415 1716 499 1775 enim
519 1714 720 1792 Antigonum
744 1715 983 1777 internuntium
1007 1738 1075 1777 esse
1099 1719 1187 1798 regis

165 1829 350 1890 Alexandri
365 1847 531 1907 secumque.
552 1824 709 1910 legatum.
755 1827 845 1887 Tune
863 1826 1094 1910 quaerentibus
1108 1847 1188 1907 gra·

165 1941 236 2001 tiae
252 1939 435 2000 novitatem
458 1951 491 1996 et
510 1936 667 1997 iniuriam
679 1912 799 2012 raptae
815 1936 965 2015 coniugis
979 1949 1013 1996 et
1030 1937 1188 1999 ulcionem

163 2050 293 2128 provisi
308 2044 455 2132 benefitii
469 2035 592 2129 refert.
636 2045 729 2124 Ergo
744 2058 852 2127 agunt
864 2047 997 2126 gratias
1013 2047 1144 2107 iuvenes
1153 2058 1188 2109 et

165 2161 283 2239 regina
297 2159 444 2218 laetatur
465 2148 640 2216 ultionem)
663 2156 794 2232 puriter
815 2159 969 2217 temerati
994 2155 1189 2220 Candauiae

164 2282 198 2330 et
221 2272 409 2347 integratae
441 2287 542 2326 nurus
570 2263 705 2365 whata
729 2263 877 2332 laetitia.
917 2265 1025 2328 Caena
1047 2265 1189 2350 denique

164 2378 414 2460 gratulatoria,
438 2376 494 2435 ubi
510 2378 550 2435 id
564 2391 710 2454 tempus,
733 2390 872 2451 operosa
888 2388 923 2437 et
938 2377 1065 2454 regalis
1085 2395 1191 2455 appa.-

167 2489 280 2547 nitur:
302 2497 399 2544 otest
416 2485 526 2543 uidere
540 2482 635 2560 apud
653 2478 729 2541 illos
746 2479 918 2542 lasciuiam
931 2482 1126 2564 barbaram,
1139 2486 1192 2546 in·

166 2593 282 2655 cubare
298 2592 440 2669 pretiis,
462 2589 603 2651 illudere
617 2590 758 2667 pretiis,
781 2591 839 2651 sed
854 2602 887 2651 et
904 2592 987 2654 oesai
1003 2592 1043 2654 de
1058 2595 1191 2671 pretiis.
1268 2570 1271 2575 Ι

230 2698 333 2764 LVII.
361 2701 552 2781 Insequenti
564 2712 674 2759 autem
688 2687 724 2743 (l)
746 2698 803 2762 die
824 2720 894 2760 aum
916 2700 1067 2765 Caudase
1084 2715 1193 2765 osten·
1233 2723 1370 2782 caudam

168 2814 300 2875 tatione
316 2810 413 2889 regia
429 2809 653 2887 processisset,
676 2808 817 2885 superba
835 2810 1011 2874 admodum
1028 2825 1192 2893 gemmato
1204 2808 1298 2870 luxus.

168 2934 340 2986 stemmate
358 2932 392 2982 et
405 2930 567 3000 gemmato
586 2917 793 2999 diademate,
814 2933 948 2984 statura
966 2922 1114 3021 auctior,
1143 2943 1194 2985 ae·

167 3048 240 3097 tate
258 3031 448 3096 veneranda
466 3026 526 3107 (ut
544 3029 738 3092 Alexandro
753 3033 947 3096 recordanti
960 3034 1007 3097 ad
1028 3032 1194 3119 Olympia·

167 3145 240 3206 dem
260 3157 397 3203 matrem
415 3143 485 3203 eius
501 3141 693 3203 aestimatio
710 3144 919 3227 conueniret)
943 3144 1039 3208 dedit
1058 3161 1194 3224 prorsus

153 3258 245 3326 esciri
265 3273 334 3317 sese
360 3267 393 3314 et
415 3251 617 3332 opulentiam
648 3273 750 3318 suam.
801 3256 935 3319 Domus
955 3246 1036 3319 isera
1061 3256 1194 3336 egregio

169 3385 266 3443 opere
281 3365 450 3425 elaborata
465 3362 580 3446 hisque
595 3362 738 3424 metallis
766 3366 938 3445 insignita
960 3376 1054 3438 erat,
1084 3377 1123 3429 ut
1147 3368 1197 3430 in·

1309 2454 1353 2497 N.

167 3474 334 3536 tuentibus
353 3474 514 3553 splendor
539 3477 677 3537 ornatis
699 3476 832 3552 pariter
855 3488 890 3538 et
916 3473 1076 3538 celsitudo
1101 3476 1197 3538 moli·

166 3585 267 3661 minis
287 3585 431 3666 undique
446 3586 532 3649 sudo
549 3587 690 3670 quadam
711 3598 745 3646 et
766 3586 885 3666 i'gnon
899 3581 936 3634 (ί)
958 3584 1078 3675 lumine
1103 3606 1198 3649 coru·

168 3706 297 3756 scaret:
318 3693 408 3756 nihil
425 3699 461 3759 in
477 3720 545 3761 sese
573 3698 692 3774 dispar
718 3709 780 3756 aut
808 3697 951 3759 alienum
965 3688 1007 3745 (d)
1022 3699 1197 3778 possidens

169 3823 403 3886 usquequaque
420 3806 558 3872 lucebat.
608 3807 731 3869 Omnia
746 3819 831 3871 oeste
845 3809 974 3882 serica,
997 3810 1105 3874 colore
1118 3784 1196 3893 pur·x

195 4042 237 4094 ‹a›
251 4039 315 4086 coe.
331 4036 463 4091 ultimus.
485 4039 521 4095 (t)
538 4042 604 4093 cat.
619 4052 719 4093 samen·
738 4043 773 4098 (s)
790 4045 827 4093 iss
843 4041 901 4097 sod·
920 4043 962 4097 (d)
977 4042 1042 4156 iod·
1060 4041 1140 4099 alies·

918 4134 963 4211 17
