2776 4934
160 424 220 486 108
353 370 355 375 ¹
447 411 721 482 stimuum·
739 408 878 475 curus

157 595 257 666 iusce
271 556 431 663 muneris
446 586 542 659 facio
559 585 628 656 (θε-
642 578 761 655 hebro
783 584 920 681 quippe
938 564 1060 679 ¹equos
1083 605 1172 677 quos

158 735 281 792 exucta
296 717 412 794 tutela
427 711 564 785 recenti
576 708 622 781 ad
641 710 730 780 haec
744 708 839 781 milri
853 705 1053 782 studiosius
1070 728 1171 801 prae·

157 844 293 940 parari.
325 847 424 913 Haec
442 862 589 934 quoque
609 832 790 930 professio
811 832 1027 929 Philippum
1048 831 1171 915 iurat,

157 968 423 1061 laudatumque
444 963 558 1037 studii
584 962 704 1032 filium
726 959 835 1031 facile
852 956 1058 1057 permittit,
1088 980 1171 1029 cum

158 1094 325 1195 primum
348 1092 408 1161 illi
424 1089 464 1142 (⁰)
490 1089 622 1163 deduci
639 1088 686 1159 ad
701 1086 847 1185 navigio
861 1064 1050 1161 cumdiet
1074 1105 1173 1153 arms

157 1220 318 1292 iussisset
333 1216 386 1296 (²),-
432 1202 551 1316 lgitur
570 1205 766 1309 escensa-(⁶)
792 1210 879 1283 navi
902 1207 1172 1305 comitatemque

151 1572 156 1583 .
192 1536 233 1586 (a)
250 1531 313 1579 cod.
329 1524 386 1599 sibi.
409 1527 504 1585 (Quod
520 1534 632 1576 stetere
648 1535 749 1587 potest.
767 1525 813 1576 bic
829 1531 857 1573 et
872 1522 964 1577 utut.)
995 1516 1036 1611 Ι(ὅ)
1049 1520 1120 1569 cod.
1135 1532 1171 1569 ss·

158 1621 257 1656 scema.

53 1881 59 1889 '
159 1874 234 1929 Tum
252 1885 279 1924 et
300 1872 391 1941 ipsum
405 1869 566 1940 Philippum
586 1868 667 1921 variis
690 1866 802 1922 obiectis
818 1865 1046 1922 terriculamentis
1060 1864 1101 1919 ed
1113 1880 1165 1919 em

159 1958 317 2027 opinionem
331 1954 442 2024 impulit
463 1971 515 2027 qua
532 1953 716 2019 existimet,
739 1954 812 2007 Iovis
828 1952 992 2007 Hammonis
1008 1948 1164 2021 virtuse'ge·

160 2042 248 2096 nitum
266 2040 320 2093 sibi
336 2056 451 2111 puerum
473 2039 506 2090 ab
526 2056 611 2092 uxore
624 2039 797 2109 Olympiade.
838 2040 909 2094 Nato
932 2036 1021 2108 igitur
1042 2028 1162 2097 nefitus

160 2126 274 2178 ostentis
293 2122 452 2187 caelestibus
469 2121 640 2187 Alexandro,
676 2114 794 2198 moxque
807 2118 905 2194 primis
928 2122 1061 2176 doctrinis
1078 2110 1162 2193 n'plth

160 2209 236 2264 rimis
260 2208 423 2279 paedagogis
440 2208 562 2272 erudito,
592 2226 677 2279 quum
689 2208 860 2262 Nectanabus
882 2210 972 2263 stellas
990 2226 1080 2281 puero
1094 2218 1162 2261 noete

161 2295 277 2368 quodam
296 2311 391 2345 serena
411 2304 589 2357 monstraret,
620 2293 653 2344 nb
669 2311 701 2345 eo
720 2294 810 2347 subito
827 2293 861 2345 de
876 2312 945 2364 rupe
962 2292 1086 2349 deiectus
1101 2292 1161 2359 inte·

160 2381 217 2433 siit.
249 2379 368 2431 Moriens
397 2390 488 2430 tamen
509 2395 538 2429 se
553 2378 710 2431 Alexandro
734 2392 838 2450 petrem
856 2379 994 2433 confessus
1014 2391 1074 2455 est,
1095 2376 1163 2431 ideo·

121 2473 124 2479 '
161 2483 214 2538 que
238 2477 265 2515 et
289 2463 433 2535 magnifico
454 2464 544 2516 loculo
569 2464 727 2519 tumulatus.
763 2468 836 2519 'I'utn
858 2464 892 2518 de
917 2462 998 2538 regpl
1016 2478 1161 2521 suoewt

160 2550 313 2604 consulenti
334 2548 449 2620 Delphis
466 2549 593 2621 Philippo
617 2567 776 2620 responsum
793 2563 849 2617 est,
878 2550 905 2605 ei
923 2569 941 2603 ι
960 2567 1019 2625 quo
1032 2549 1161 2605 insiliente

159 2637 337 2706 Bucephalus¹
350 2653 433 2706 equus
451 2653 500 2705 per
515 2635 634 2690 mediam
645 2636 750 2689 Pellam
765 2650 837 2691 actus
857 2634 957 2701 fuerit,
978 2636 1054 2689 orbis
1069 2634 1162 2707 princi-

159 2735 255 2793 patum
269 2721 325 2772 fata
344 2721 496 2776 decernere.
525 2723 594 2775 Mox
611 2722 764 2775 Alexander
782 2724 812 2775 in
827 2721 983 2776 Aristotelis
993 2721 1162 2792 disciplinsnt

159 2807 309 2861 concessit:
342 2818 368 2858 ct
383 2807 566 2877 Bucephalum
585 2825 683 2878 equum
700 2807 868 2871 soevitudine
886 2807 1025 2879 insignem
1049 2806 1105 2861 sibi
1123 2804 1163 2861 uni

159 2892 255 2962 spon'te
270 2904 441 2945 mansuetum
457 2891 548 2945 media
564 2893 630 2945 urbe
649 2893 713 2963 egit.
757 2893 828 2948 Hinc
844 2911 927 2946 annos
946 2893 1002 2946 iem
1018 2908 1076 2950 xv.
1092 2905 1162 2947 namt

159 2989 190 3029 ut
211 2974 240 3027 in
263 2977 436 3030 sollemnibus
453 2977 565 3030 Graeciss
584 2977 657 3031 ludis
674 2978 820 3050 quadrigas
842 2979 947 3051 agitare
968 2978 1023 3033 sibi
1038 2978 1160 3053 liceras

157 3059 286 3132 Philippo
300 3061 459 3132 impetravit
473 3062 601 3134 Elimque
616 3063 699 3115 venit.

222 3148 307 3200 Porro
327 3146 528 3219 qualiscumque
549 3158 589 3199 est
604 3147 750 3203 Nectanabi
766 3147 873 3215 fabulo,
895 3169 927 3204 en
944 3149 1061 3223 quidem
1078 3166 1159 3206 nam
1207 3168 1209 3235 t

156 3241 202 3284 tur
226 3250 282 3284 non
305 3230 394 3283 solum
414 3250 430 3284 a
447 3233 479 3284 ·1·
496 3232 607 3286 Valerio
624 3226 651 3286 ct
667 3234 770 3288 duobus
791 3236 928 3289 codicibus
946 3236 1162 3293 ambrosianos
1208 3278 1209 3293 t

156 3334 174 3368 ι
192 3315 511 3382 Pseudo-Callisthene,
540 3333 636 3373 verum
657 3319 738 3374 etiam
763 3338 780 3375 a
802 3323 946 3391 Syncellc,
975 3323 1100 3391 mahte,
1121 3323 1164 3379 Ce-

156 3401 240 3455 dreno
263 3416 291 3454 et
308 3402 405 3470 Glyce.

139 3527 148 3546 .
221 3484 267 3558 (1)
289 3487 426 3544 Nimirum
445 3486 585 3559 Philippus
604 3508 685 3565 equos
700 3490 856 3546 Alexandro
874 3501 1039 3564 praestantes
1057 3510 1090 3547 se
1102 3508 1166 3565 pre·

156 3569 276 3626 hiturum
291 3572 453 3644 spondebat,
474 3586 505 3626 ut
522 3574 623 3645 legitur
644 3578 674 3631 in
690 3597 786 3650 graeco
809 3578 922 3634 codice:
942 3575 1020 3652 'Epo
1036 3584 1086 3639 νῦν
1100 3578 1166 3656 epsi-

154 3666 236 3730 σομαί
248 3682 288 3715 cos
303 3661 394 3726 ἵππους
406 3657 554 3726 ἐκλεκτούς·

219 3736 268 3816 (2)
290 3743 403 3798 Latinus
419 3746 489 3799 alius
501 3746 587 3801 codex
601 3746 699 3803 hebete
723 3744 888 3803 Alexander
903 3748 1167 3822 quintusdecimus

156 3842 241 3897 agens
257 3845 355 3881 annum
370 3832 449 3901 petiit
469 3843 499 3883 ut
514 3830 567 3885 sibi
588 3830 665 3884 Pisas
681 3825 764 3906 (cod.
777 3828 875 3909 Putas)
896 3834 973 3887 odim
990 3832 1090 3891 liceret
1101 3852 1165 3910 gra·

154 3912 195 3979 rip
218 3911 365 3984 quadrigas
387 3914 532 3974 tractandi.
570 3914 713 3986 Philippus
734 3937 837 3994 quoque
858 3936 940 3994 equos
961 3917 1007 3974 illi
1026 3932 1057 3991 ep
1079 3936 1165 3977 cetera

153 3997 244 4050 itineri
263 4001 413 4053 necessaris
433 4003 595 4076 praeparari
616 4002 701 4058 iussit.

1021 4206 1024 4212 '
1078 4204 1090 4260 l
