2776 4934
751 216 766 243 χ
813 194 817 205 .

434 435 514 498 SEV
534 434 667 501 LIBER
686 436 722 500 1.·
751 490 754 495 .
1018 441 1078 499 175

64 605 231 689 stabant,
270 605 458 675 invehitur
483 605 689 703 Alexander
721 579 863 679 Thebas
896 624 1025 702 easque
1036 608 1076 658 (⁹)

68 731 227 827 diripere
251 730 531 831 ‘exscindereqne
556 730 705 802 festinat
738 748 794 803 tot
832 726 1077 805 scilicet'sae·

63 859 158 928 culis
184 877 222 928 et
246 855 374 929 Cadmi
390 873 669 950 ceterorumque
688 857 852 950 imperiis
869 856 1012 929 nobiles
1029 853 1075 929 (b).

1089 958 1199 1017 Auloedi

1089 1050 1149 1099 theb
1187 1049 1194 1061 ’

65 1106 232 1199 centibps
257 1130 344 1202 prae
368 1108 407 1179 vi
431 1107 639 1213 malorum,
666 1108 732 1178 uni
758 1109 952 1180 tibicinum
981 1068 1201 1193 forteeaniiii

139 988 265 1053 LXVI.
297 982 354 1055 Ad
372 1006 482 1077 quarn
504 981 692 1052 fortunam
711 983 837 1052 ceteris
853 1001 1076 1079 praesto-pes·

65 1233 262 1306 consilium
299 1230 399 1328 subit
434 1251 557 1330 aptare
589 1233 698 1304 tibias
742 1253 778 1306 et
817 1238 934 1307 melos
968 1238 1132 1330 qnamm·
1182 1262 1186 1279 ¹

63 1377 187 1453 posset
200 1357 322 1431 flebile
338 1357 376 1410 (ὓ)
394 1360 521 1451 canere
536 1360 628 1458 regis
644 1359 799 1456 pedibus
813 1362 1010 1458 provoluto
1024 1359 1077 1432 (ἅ).

66 1484 175 1581 Quod
200 1509 284 1556 curn
311 1483 513 1555 Alexander
536 1484 693 1566 videret,
721 1504 829 1557 actito
854 1505 890 1557 et
906 1466 1079 1585 religioso

64 1610 219 1680 consilio
247 1604 377 1678 efficax
401 1613 562 1679 multum
580 1627 688 1703 atque
714 1610 759 1681 ad
781 1612 1105 1701 movendamsui'

64 1731 356 1804 misericordiam
382 1758 456 1805 esse
481 1735 670 1827 provisum
677 1759 690 1816 3
727 1753 817 1806 tunc
834 1732 1022 1830 ‚autoedus
1039 1738 1093 1809 (¹).

62 1860 129 1929 ille
154 1857 324 1930 manibus
350 1859 526 1929 extensis:

149 2017 268 2069 Haneiae
290 2027 319 2066 tu
340 2015 451 2079 urbem,
473 2015 592 2069 maxime
613 2034 708 2087 regum
730 2018 906 2084 Alexander,

150 2126 308 2195 Properabis
332 2123 502 2188 exscindere,
526 2143 606 2196 quam
630 2127 678 2178 tibi
700 2127 749 2180 Dii

147 2237 315 2288 Imnrortales
337 2235 479 2302 prosapiae
502 2246 563 2284 tuae
584 2236 719 2306 principes

145 2329 312 2414 Pepererunt
329 2332 392 2393 (2)3
415 2360 504 2393 nonne
527 2354 554 2393 te
575 2345 648 2396 subit
669 2347 732 2398 hinc
754 2347 882 2403 Liberum

146 2449 269 2506 Ortum?
291 2451 360 2505 hanc
380 2451 504 2504 Herculis
528 2469 584 2502 esse
605 2454 760 2506 nutricem?

149 2561 219 2614 Hine
240 2560 287 2611 illa
310 2558 385 2629 orgia
406 2571 433 2610 et
452 2560 697 2629 praestantissimos

151 2673 273 2724 Deorum
294 2671 381 2720 cultus
405 2660 520 2720 diffusos
544 2685 599 2718 esse
620 2688 669 2738 per
690 2671 844 2724 mundum?

146 2779 217 2835 Boni
238 2779 323 2849 igitur
344 2779 483 2842 consules,
504 2795 534 2828 ac
556 2776 655 2828 facesse

147 2890 191 2944 Ab
213 2890 262 2940 hae
286 2901 340 2941 tam
361 2888 490 2958 sacrilega
511 2886 660 2941 voluntate.

145 3002 242 3071 Neque
264 2997 353 3062 enim,
377 2995 467 3068 siquid
488 2995 683 3066 inpatientibus

145 3114 190 3164 Ira
212 3109 278 3163 belli
299 3106 455 3170 mandavit,
478 3125 532 3158 non
554 3127 619 3160 mox
641 3121 668 3160 te

108 3202 114 3209 ’
144 3222 190 3277 Ad
211 3217 408 3292 poeniteutiam
431 3217 582 3284 [arbitror]
612 3234 791 3272 reversurum.

51 3346 1076 3374 ...κ-...Ἣ

81 3416 123 3463 (a)
139 3411 202 3459 cod.
215 3423 331 3470 eamque·
355 3403 390 3460 (b)
404 3404 467 3450 coa.
482 3376 595 3455 mtrem}
620 3404 764 3462 (osana.
789 3407 831 3460 ‹a›
843 3409 904 3484 coa.
919 3405 1071 3466 mororum.

106 3577 152 3658 (1)
175 3586 253 3638 quta
270 3582 406 3636 Iustinum
424 3596 467 3632 xr.
484 3584 508 3634 4.
529 3597 585 3631 non
610 3576 756 3644 auloedos,
787 3581 834 3632 sed
853 3582 969 3637 Cleadas
987 3582 1074 3655 eapti.

58 3687 111 3725 vus
129 3668 199 3740 apud
217 3669 405 3741 Alexandrum
421 3666 577 3718 Thebarum
593 3665 730 3718 excidium
751 3666 915 3735 depreeatur.
956 3737 959 3742 Ι

105 3753 148 3824 (2)
171 3754 249 3825 Apnd
270 3755 405 3807 Iustinum
420 3766 464 3804 Χῖ.
479 3756 504 3805 4.
538 3748 656 3802 Glaucias
680 3754 790 3821 privata
812 3754 893 3805 etiam
915 3773 1005 3827 regem
1025 3773 1071 3808 sa·

56 3842 205 3916 persitionc
219 3840 395 3912 deprecatur,
415 3838 502 3908 geniti
521 3835 594 3906 apud
612 3837 684 3908 ipsos
698 3835 832 3904 Herculii,
855 3839 923 3919 unde
939 3842 1071 3913 originem

54 3947 125 4003 gens
142 3925 322 3979 Aeacidarum
345 3922 443 3976 trabat·
478 3921 543 3974 Urbi
564 3936 674 3992 parcat,
697 3941 764 3995 quaa
783 3925 898 3979 mrbus
917 3929 974 3979 eius
994 3923 1070 3996 apud

53 4035 83 4070 aa
101 4016 223 4086 genitos,
246 4011 319 4073 θεοῖ
337 4009 440 4063 adoret.
739 4004 743 4009 ’

800 4154 839 4223 ,a
