2776 4934
472 428 671 495 ruarmo
1037 436 1075 496 93
1111 478 1114 487 -

66 596 126 680 qui
150 598 415 658 commentatione
437 617 493 659 sua
518 618 570 661 res
597 594 785 671 scribendas
807 599 957 676 adornat;
990 618 1077 664 caret

66 697 133 741 arte
154 683 279 769 Auctop
299 682 462 743 Itinerarii
489 684 545 767 qui
572 684 701 771 cognita
721 706 781 768 per
810 706 843 749 ae
865 687 917 748 vel
939 686 1075 764 tradita,

63 766 183 827 litteris
209 765 418 829 commendat.
463 767 563 843 Immo
587 768 691 831 elucet
711 769 746 829 in
770 770 922 833 historiae
949 772 1075 835 latioris

64 852 224 938 scriptore
247 851 391 913 mirahile
414 850 493 913 illud
517 853 708 915 Graecorum
731 854 913 942 ingenium,
935 878 1000 940 quo
1018 880 1074 921 va·

64 938 130 997 riat
155 953 189 997 et
213 951 335 1014 mutat,
366 960 541 1023 omnesque
570 937 730 999 scribendi
756 954 824 1001 tum
850 963 978 1001 narrans
1003 957 1073 1015 tum

63 1021 228 1082 disserens
244 1025 449 1109 persequitur
466 1023 599 1111 gradus:
622 1023 701 1084 adeo
715 1040 752 1085 ut
769 1047 862 1110 saepe
875 1049 941 1087 nou
957 1043 1019 1088 tam
1033 1027 1074 1089 ad

62 1108 292 1169 historicorum
317 1131 436 1170 morem
461 1132 554 1193 quam
583 1107 621 1169 ad
645 1110 808 1171 rhetorum
830 1133 975 1196 pompam
1000 1135 1073 1173 sese

66 1192 355 1269 ornare-videatur.
404 1191 580 1263 conciones
604 1196 722 1283 igitur,
754 1197 931 1281 epistolae,
954 1197 1074 1275 edicta,

64 1276 320 1363 disputationes,
360 1280 495 1341 mridina
517 1282 614 1339 etiam
638 1295 672 1339 et
700 1281 900 1343 oraculorum
924 1280 1019 1343 allata
1040 1298 1075 1341 et

64 1363 204 1447 lapidum
227 1365 453 1448 inscriptiones
464 1387 467 1391 ·
478 1368 515 1439 in
534 1366 594 1426 hoc
612 1364 751 1433 Auctore
773 1365 995 1442 dominantur,
1015 1389 1075 1429 nec

61 1462 114 1508 est
129 1450 206 1509 artis
222 1451 259 1510 in
273 1471 312 1509 eo
329 1449 509 1511 moderatus
532 1471 610 1510 usus
627 1452 796 1513 oratoriae.
836 1452 967 1536 Quippe
985 1455 1013 1510 is
1033 1450 1073 1511 ab

61 1556 100 1594 ea
110 1535 274 1597 ‚varietate
288 1557 354 1595 non
370 1533 755 1619 discedendumlputavit,
777 1559 870 1620 quam
888 1535 1073 1597 Herodotus

60 1635 95 1678 et
111 1618 319 1698 Thucydides
337 1634 371 1679 et
388 1620 572 1704 Xenophon
597 1635 630 1679 et
647 1620 812 1682 Diodorus
835 1645 870 1682 ac
889 1621 1072 1701 Dionysius

60 1701 308 1765 affectaverunt.
360 1704 435 1769 Etsi
459 1719 565 1764 autem
588 1703 627 1763 ad
649 1705 726 1766 haec
750 1706 857 1766 divina
881 1706 1074 1791 exemplaria

58 1789 144 1849 nihil
170 1786 238 1849 fere
261 1784 310 1848 ex'
330 1780 471 1849 odiuiiim
502 1804 680 1872 temporum
704 1791 843 1867 litteris,
873 1790 989 1853 nedum
1014 1813 1075 1851 no-

59 1889 163 1935 strum
186 1876 378 1948 Auctorem,
400 1895 468 1933 com
492 1875 641 1933 arandum
661 1890 827 1957 putamus,
848 1876 946 1937 multa
966 1893 1074 1936 tamen
1144 1949 1148 1956 Ι

56 1958 189 2024 ubertas
204 1979 264 2019 nec
277 1896 506 2020 contemnenda
522 1959 602 2020 silva
618 1956 746 2019 dicendi
772 1960 854 2044 apud
870 1961 990 2021 Iulium
1006 1963 1068 2023 Va·

54 2045 173 2104 lerium
196 2058 256 2105 est.
728 2059 745 2107 '.

122 2128 185 2190 ΠΙ.
210 2130 329 2193 Verum
352 2129 514 2199 enimvero
541 2149 603 2212 qua
619 2130 745 2190 ratione
766 2130 817 2191 vel
833 2145 991 2214 quatenus
1008 2129 1067 2191 Iti·
1136 2146 1220 2200 Primi

54 2216 175 2277 merarii
203 2214 346 2299 Iuliiq'ue
364 2216 484 2278 Valerii
507 2216 645 2275 elocutio
670 2236 742 2275 ase
766 2232 878 2279 mutuo
898 2215 1066 2293 differant,
1079 2227 1140 2281 libri
1150 2250 1225 2283 suni.

56 2299 91 2361 id
114 2299 237 2361 demum
262 2299 398 2361 eruditis
424 2299 640 2360 definiendum
670 2302 754 2361 ultro
780 2301 932 2363 concedo.
979 2300 1067 2362 Illud
1078 2316 1205 2375 marium.

58 2384 160 2470 probe
181 2386 378 2470 exploratum
400 2401 468 2461 est,
491 2385 554 2446 duo
572 2387 689 2469 scripta
705 2388 782 2447 haec
806 2388 841 2445 in
863 2388 992 2446 immani
1015 2410 1066 2447 re·

59 2496 130 2531 rum
146 2468 332 2533 diversitate
355 2471 488 2532 versari.
524 2469 620 2552 Quod
647 2484 683 2529 ut
706 2474 855 2553 protinus
877 2471 932 2530 liat
953 2471 1066 2553 palam,

58 2559 94 2617 in
109 2570 245 2615 mentem
259 2575 378 2639 quaeso
398 2556 532 2614 lectores
549 2568 700 2615 revocent
713 2555 878 2631 Itinerarii
894 2557 1009 2614 seriem
1033 2571 1067 2614 et

57 2662 227 2716 summam,
248 2655 318 2699 tum
334 2639 410 2699 Iulii
422 2637 544 2701 Valerii
564 2637 703 2698 delibata
719 2641 841 2722 capita,
864 2662 942 2721 quae
957 2641 1065 2723 paucis

55 2726 133 2787 heic
148 2746 166 2783 a
181 2747 229 2783 me
244 2739 493 2809 percurruntur,
522 2742 563 2781 ne
582 2737 753 2808 graventur
773 2745 973 2809 cognoscere.
1010 2725 1067 2785 Iu·

55 2811 122 2872 lius
149 2830 223 2896 ergo
240 2809 385 2874 Valerius
398 2821 520 2868 narrata
535 2805 709 2866 Alexandri
733 2810 880 2893 genitura
902 2822 933 2867 et
948 2810 1067 2893 puerili

55 2892 242 2956 eruditione
265 2899 369 2978 (quae
388 2915 459 2980 pars
482 2892 637 2952 historiae
661 2913 761 2951 amea
774 2892 915 2959 editione
932 2909 1065 2978 propter

53 2979 177 3044 codicis
207 2980 400 3041 ambrosiani
425 2977 565 3039 lacunam
595 2976 706 3060 abest)
747 2978 923 3062 olympicos
953 2978 1064 3063 pandit

54 3087 196 3156 agones,
226 3065 341 3149 ibique
373 3079 446 3127 octo
478 3063 639 3151 regiorum
660 3064 812 3127 iuvenum
835 3080 1066 3149 competentem

53 3152 131 3214 facit
148 3150 377 3227 Macedonem,
400 3147 606 3232 eumdemque
621 3147 722 3209 curuli
739 3149 833 3210 simul
847 3152 982 3214 victoria
995 3149 1064 3211 lau·

54 3253 172 3320 stoque
193 3238 350 3297 vaticinio
375 3237 491 3296 elatum
514 3228 549 3293 in
563 3234 695 3319 patriam
717 3233 853 3295 reducit.
894 3234 948 3297 Ibi
967 3257 1064 3319 quum
1156 3258 1161 3265 ·

56 3322 223 3407 Philippus
241 3320 425 3406 Olympiadi
445 3322 540 3381 taxori
559 3318 756 3404 Cleopatram
775 3319 920 3404 pellicem
944 3322 1064 3406 impor-

59 3420 135 3465 tune
151 3407 396 3491 superduceret,
419 3405 566 3470 Valerius
584 3405 733 3488 prudenti
750 3426 823 3465 sane
839 3427 975 3489 persona
988 3406 1062 3466 Ale-

59 3490 210 3552 xandrum
228 3492 348 3567 induit,
371 3514 466 3575 aquo
482 3493 619 3575 primum
634 3489 965 3567 amarioribusdictis,
986 3514 1061 3555 mox

60 3575 241 3658 eloquentia
258 3578 420 3637 lenissima
439 3576 606 3659 Philippus
630 3590 717 3658 pater
739 3573 777 3635 ad
800 3579 956 3637 saniorem
977 3599 1061 3639 men·

58 3674 126 3720 tem
141 3665 321 3737 retrahitur,
344 3678 440 3745 atque
454 3665 489 3722 in
508 3657 705 3744 Olympiadis
724 3662 872 3748 coniugio
890 3664 1059 3723 retinetur.

57 3748 144 3805 Tum
165 3747 273 3809 urbem
296 3748 482 3807 Mothanam
506 3745 601 3806 rebus
624 3748 716 3806 novis
744 3744 925 3808 studentem
950 3750 1059 3834 oppri-

52 3833 117 3892 mit
134 3830 326 3909 Alexander,
350 3847 382 3892 et
399 3834 561 3895 Persarum
579 3846 717 3915 satrapas
737 3847 851 3917 negato
869 3832 986 3893 trihuti
1003 3833 1060 3899 oh·

52 3917 170 4000 sequio
186 3918 377 3980 Macedonia
395 3920 509 4004 exigit.
549 3915 699 3999 Sequitur
721 3917 807 4001 'apud
826 3917 944 3978 lulium
965 3920 1060 3982 Vale·

48 4005 134 4063 rimu
152 4002 293 4087 Philippi
318 4025 422 4077 mors,
446 4005 570 4063 scenico
587 4024 687 4088 prope
711 4024 797 4063 more
814 4004 967 4081 recitata,
989 4026 1057 4065 cum

1328 2110 1359 2147 a·
