2776 4934
174 385 233 442 152
465 326 732 441 ALEXANDRI
754 377 892 439 oRTvs

30 579 159 651 Tripolis,
173 568 210 622 et
234 532 411 623 aetatibus
435 518 677 643 interemptis.
718 553 807 618 Tres
832 569 919 618 vero
945 534 1085 628 viooss
1099 568 1192 640 quo·

172 700 256 745 rum
282 677 368 745 navi
384 673 522 743 auxilio
549 671 595 742 ad
620 697 771 767 operam
792 671 964 743 bellicam
985 695 1074 740 usus
1101 688 1191 751 erat,

173 799 219 868 ad
254 776 548 896 magnitudinem
582 797 863 901 confrequentat
898 793 1019 880 urbis,
1059 795 1195 889 Tripo-

173 923 315 1017 limque
343 923 520 1019 appellari
544 921 647 993 iubet
663 919 713 990 (²).

0 1042 164 1103 uam'liue-
249 1055 360 1127 XLII.
396 1048 518 1142 Tyriis
544 1074 628 1147 ergo
655 1065 836 1143 satrapum
860 1045 1046 1143 praeficit,
1083 1062 1193 1140 atque

0 1133 264 1273 lum-inde
290 1178 434 1266 Syriam
465 1199 616 1271 pergens
650 1175 784 1269 accipit
813 1169 1089 1256 litterasDarii
1113 1176 1195 1240 Per·

177 1322 236 1370 sae
269 1300 308 1368 in
345 1301 437 1368 hanc
473 1299 691 1368 sententiam
724 1299 886 1393 scriptas.
937 1304 1041 1381 „Rex
1066 1319 1195 1395 regum

176 1440 238 1508 ,et
271 1425 559 1523 consanguineus
585 1428 752 1494 Deorum
786 1418 1103 1515 consessorque(⁰l
1127 1418 1196 1489 Dei

176 1549 365 1634 ,Mithrae
398 1573 541 1641 unaque
573 1547 695 1633 orienq
724 1572 808 1618 cum
840 1550 919 1620 solo
944 1545 1083 1618 Darius
1119 1544 1193 1639 ipse

177 1673 405 1758 „Alexandro
431 1673 573 1743 famulo
606 1696 691 1743 meo
717 1672 825 1744 iubeo
858 1672 1017 1768 dicoque
1041 1667 1193 1741 haece).

179 1798 346 1882 „Mando
365 1798 449 1879 „tibi
482 1799 617 1871 reverti
643 1797 689 1868 ad
719 1816 885 1892 parentes
917 1817 1002 1872 tuos
1035 1795 1195 1869 famulos

179 1923 345 2007 ,scilicet
365 1950 485 2006 meos,
515 1941 623 2017 atque
649 1923 728 1992 illic
755 1924 793 1991 in
815 1924 955 2022 gremio
983 1924 1115 1994 matris
1138 1947 1196 1993 cu·

181 2045 355 2129 ,bantem
381 2047 505 2119 doceri
530 2051 638 2119 virile
669 2047 846 2119 officium.
897 2048 955 2120 Ad
981 2074 1096 2144 quam
1120 2074 1196 2122 rem

182 2171 386 2254 „habenam
420 2175 620 2265 scythicam
656 2156 726 2244 tibi
760 2192 797 2244 et
834 2175 949 2269 pilam
981 2177 1196 2273 loculosque

183 2319 292 2378 „cum
318 2297 436 2367 aureis
461 2300 568 2370 misi:
610 2324 769 2394 quorum
793 2300 933 2372 habena
960 2301 1140 2375 admonet
1162 2321 1198 2375 te

103 2492 106 2497 ,
184 2418 420 2515 „disciplinae
452 2423 570 2494 videri
601 2424 848 2522 indigentem
883 2430 959 2523 pila
984 2453 1074 2501 vero
1101 2428 1199 2525 quod

184 2546 285 2629 „eius
311 2568 486 2646 congruat
520 2575 604 2620 cum
630 2569 692 2620 tua
718 2553 875 2622 aetatula
901 2553 1088 2638 lusitatio,
1125 2579 1197 2626 non

135 2686 138 2697 ·
184 2673 298 2753 „haec
324 2699 432 2768 opera
460 2701 569 2770 quam
591 2677 890 2748 latrocinantium
916 2680 990 2750 ritu
1014 2705 1104 2752 cum
1130 2683 1198 2754 tuis

186 2799 393 2879 „similibus
426 2828 462 2872 es
496 2801 689 2901 adgressus.
740 2809 869 2897 Neque
903 2806 1062 2877 enimsi
1089 2832 1199 2879 omne

187 2925 393 3005 „eiusmodi
417 2927 615 2997 hominum
639 2952 752 3027 genus
779 2926 824 2997 ad
849 2945 887 2998 te
910 2931 991 3025 pari
1016 2935 1202 3030 conspira-

186 3119 1203 3147 --.-.-.......-.....-......-...--,,,.

213 3208 254 3263 (a)
272 3207 337 3253 θοὰ.
353 3221 493 3254 consensor.
1096 3250 1113 3279 ·

186 3334 1202 3367 *Q

233 3439 277 3509 (1)
300 3438 392 3492 Aliam
409 3436 510 3506 passim
528 3438 676 3507 geographi
697 3441 883 3509 appellationis
903 3441 981 3494 huius
1005 3458 1119 3497 causam
1139 3463 1202 3498 uar-

189 3537 268 3590 rant,
289 3541 386 3593 nempe
410 3523 482 3592 quod
500 3541 530 3574 ea
547 3524 609 3574 urbs
633 3524 763 3576 coaluerit
782 3544 816 3579 ex
836 3527 916 3577 trium
937 3528 1107 3599 populorum
1127 3532 1201 3584 colo·

188 3608 240 3661 uiis
256 3609 435 3671 Aradiorum,
458 3608 631 3662 Sidoniorum
647 3620 726 3680 atque
745 3612 902 3678 Tyriorum.

233 3688 279 3768 (2)
304 3693 348 3748 Sic
366 3704 392 3744 et
409 3693 481 3762 apud
496 3692 671 3745 Ammianum
684 3710 761 3751 xvrr.
780 3705 804 3748 5.
829 3696 894 3749 lien
916 3716 1009 3769 regum
1024 3699 1120 3770 Sapor
1137 3720 1201 3771 par·

190 3780 273 3850 ticeps
289 3778 423 3842 siderum,
444 3772 539 3848 freter
554 3777 619 3830 solis
637 3793 664 3830 et
681 3779 777 3846 lunae,-
802 3781 957 3834 Consrantio
980 3783 1096 3837 Caesari
1111 3782 1202 3856 fratri

189 3882 247 3916 meo
262 3861 384 3915 salutem.
420 3865 455 3915 Et
480 3863 593 3934 quidem
614 3864 847 3917 ambitiosissimos
865 3867 956 3919 titulos
978 3869 1103 3937 epistolis
1120 3890 1200 3943 prae·

187 3951 253 4021 poni
272 3948 366 4001 solitos
381 3950 414 4001 ab
431 3949 547 4003 asiaticis
562 3950 668 4020 regibus
691 3953 777 4005 multo
797 3946 1043 4022 ciploraticsimum
1064 3968 1116 4007 est.
