2776 4934
280 428 341 489 236
561 419 830 485 ALEXANDRI
851 420 1011 484 oulrvs

278 595 440 692 partium
482 594 729 678 existimetur,
772 612 810 666 et
841 596 1031 667 laetorum
1044 590 1089 645 (α)
1122 592 1170 665 fen

278 725 374 795 laebi
399 721 522 795 uberis
547 720 711 815 primunt
737 720 913 791 alimenta
948 737 1148 815 praestare,
1168 778 1170 787 .

219 852 227 864 '
263 872 351 945 Aue
376 847 489 917 laevis
522 846 686 953 humeris
718 844 896 945 religione
931 847 1096 945 gestari,
1130 862 1157 917 et

278 973 377 1066 ipsos
402 971 537 1041 indicia
565 972 752 1071 dignitatis
768 973 887 1042 laevas
898 969 1104 1065 praeferre.
1133 978 1170 1045 u

279 1099 477 1192 posthaec
511 1114 547 1168 et
579 1094 667 1191 quid
700 1096 772 1168 sibi
803 1121 823 1165 a
857 1120 942 1194 rege
975 1094 1170 1169 vellentlr

279 1224 535 1317 polliceretur,
570 1222 876 1293 inmortalitatem
902 1222 1068 1294 consoni
1092 1242 1170 1316 popo

279 1347 350 1418 Sed
374 1348 414 1417 id
439 1373 524 1419 cum
557 1373 620 1417 rex
650 1367 794 1441 praeter
826 1364 1058 1444 potestatem
1089 1370 1170 1419 suan

279 1471 443 1553 dixisset,
473 1497 538 1541 cur
564 1497 670 1568 erge,
698 1473 822 1555 aiunt,
850 1498 937 1543 oum
963 1472 1015 1543 sis
1043 1472 1170 1546 mortali

277 1613 399 1669 tamen
425 1594 613 1667 laboribus
639 1599 770 1680 servis,
799 1612 835 1669 et
859 1601 974 1671 tantis
989 1598 1170 1695 appetenti

277 1725 385 1808 ceris,
414 1747 568 1817 quarunt
593 1722 665 1793 tibi
688 1722 826 1794 fructus
852 1741 915 1795 aut
942 1726 1074 1797 nullus
1092 1722 1170 1797 autl

276 1870 347 1935 est,
375 1851 563 1921 enimvero
589 1846 690 1918 idem
714 1876 804 1923 mox
836 1848 882 1920 ad
913 1851 1010 1922 alios
1050 1852 1170 1923 tramiti

115 1970 265 2084 alexandri
348 1982 444 2046 XXI.
478 1980 580 2048 Tum
607 1973 811 2045 Alexander
835 2022 850 2055 ,
860 1982 951 2048 Non
978 1979 1068 2049 haec
1079 2000 1170 2049 saner

116 2059 261 2194 mam
274 2146 289 2183 „
298 2102 439 2194 inquit,
466 2101 506 2168 in
533 2124 646 2170 manu
672 2118 774 2170 sunt:
803 2103 904 2171 enim
938 2108 1104 2176 Deorum
1126 2103 1170 2173 vir

273 2225 395 2320 „lege,
424 2247 535 2317 quam
561 2226 730 2295 homines
756 2227 906 2319 exsequi
920 2227 974 2298 sit
988 2226 1170 2299 necessest).

273 2373 369 2441 ,que
393 2347 494 2417 enim
518 2345 578 2415 illi
601 2346 848 2446 nisijnevigari
863 2352 982 2424 maria
996 2352 1170 2435 sivissent*

273 2498 443 2568 ,quoque
468 2470 724 2570 navigantibus
750 2496 1029 2571 prosperarent:
1061 2496 1118 2551 aut
1134 2476 1170 2549 ri

273 2644 289 2681 „
299 2599 411 2668 etiam
437 2615 690 2679 morerentur,
727 2599 799 2669 nisi
825 2602 972 2677 obortis
1007 2604 1123 2677 flabris
1145 2602 1170 2673 in

272 2714 460 2805 „lentibus
484 2718 519 2773 o)
553 2722 795 2795 concederent
818 2726 852 2776 (θ)
884 2728 1000 2826 gigni,
1055 2730 1170 2829 Q¹1l⁸¹

271 2867 424 2931 ,cuncta
450 2851 592 2920 ratione
617 2874 692 2920 esse
718 2876 788 2944 qua
814 2869 897 2921 nata
912 2854 1031 2929 sunt?
1057 2878 1170 2949 moan

271 2975 415 3058 „cidere
439 2975 661 3069 interireque
688 2975 861 3047 ratione?
896 2982 1005 3052 Nihil
1032 2982 1163 3079 denique

271 3100 386 3183 ,nino
412 3100 546 3173 frustra
572 3102 770 3195 repperies,
799 3104 889 3197 quin
916 3111 1064 3184 cunctis
1091 3126 1170 3185 turbt

270 3245 417 3311 ,motus
442 3242 479 3296 et
504 3226 665 3296 clausula
679 3224 720 3278 (ἅ)
744 3228 821 3299 sit?
846 3248 888 3301 ut
912 3232 1011 3305 mihi
1040 3248 1170 3333 quoqu¹

296 3433 336 3483 (a)
355 3431 423 3475 Nota
439 3427 525 3482 lacta,
541 3440 613 3471 orum
622 3428 719 3484 plurali
733 3402 853 3479 numero.
879 3431 914 3486 (b)
931 3434 994 3481 cod.
1006 3434 1167 3499 impetam,

268 3506 342 3551 haud
359 3505 413 3550 taio
428 3518 463 3549 an
479 3501 617 3560 legendum
647 3504 817 3561 implentibus.
853 3510 888 3561 (c)
910 3510 975 3557 ooo.
997 3514 1129 3564 cedenac.
1149 3508 1170 3561 ll

267 3582 372 3634 clama,
389 3582 441 3627 niti
456 3581 539 3625 mavit
555 3593 643 3624 cama.

265 3662 1170 3691 Q

310 3742 357 3819 (1)
382 3745 464 3815 Apud
478 3746 637 3801 Strabonem
652 3762 705 3803 xv.
723 3766 751 3818 p·
766 3756 827 3803 us.
843 3766 913 3800 unus
929 3748 1038 3807 dicitur
1052 3752 1170 3811 Alunt·

88 3894 91 3901 Ι
265 3831 420 3902 Iosophatus
444 3831 474 3883 in
498 3831 587 3884 annis.
629 3832 759 3887 Eiusdem
779 3834 983 3905 philosophiam
1008 3843 1122 3913 copiose
1141 3856 1170 3911 pn

106 3936 118 3951 ··
175 3925 228 3990 ,ἐς
266 3918 426 3970 Plutarchus
441 3932 511 3969 orat.
531 3920 554 3969 I.
570 3916 604 3967 cle
615 3911 725 3986 fortun.
741 3918 787 3970 vel
812 3922 875 3972 virt·
903 3918 993 3978 Alex.
1022 3929 1127 3983 Confer
1145 3942 1166 3977 e:

90 4076 101 4094 ·
176 3994 223 4102 *⁴1
266 4002 393 4057 maelium
408 4001 483 4055 laud.
498 4002 527 4055 t'n
544 3999 669 4057 Gratiae.
691 4022 750 4078 cap·
769 4021 823 4061 vn.

366 4245 454 4310 ξ’.
