2812 4920
262 1294 533 1393 comosus
577 1291 895 1366 PRAEFATIO
943 1376 946 1381 ,

1134 1700 1207 1756 Novi
1224 1697 1258 1749 li.

1098 1789 1140 1840 bri
1171 1783 1260 1869 digni-

1097 1887 1146 1927 tas.
1221 1878 1230 1895 ·'

69 1778 73 1783 .
133 1684 254 1796 LVT
285 1751 302 1789 e
328 1724 676 1791 codice'bihliothecae
700 1733 921 1793 ambrosianae
945 1728 1085 1791 nondum

54 1815 233 1903 ,vulgatum
260 1815 345 1875 hunc
374 1813 492 1889 librum
518 1812 747 1899 proferendum
772 1818 855 1877 susci
882 1836 986 1888 erem,
1018 1816 1086 1897 pri-

63 1925 154 1959 mum
177 1900 358 1989 argumenti
378 1896 571 1975 nobilitate,
604 1898 718 1959 deinde
743 1903 835 1987 copia
854 1839 957 1964 lionae
976 1896 1094 1983 erudi-¹

62 1981 189 2062 tionis,
221 2003 288 2059 tum
315 1985 443 2072 linguae
469 1984 587 2044 latinae
612 1986 748 2062 merito,
782 2001 946 2074 postremo
976 1983 1083 2069 operis

46 2090 55 2141 ’,
63 2067 264 2157 εονὶΡῖί,ἠοη
280 2069 436 2130 mediocri
452 2085 614 2131 vetustate
632 2071 788 2155 impulsus
806 2094 886 2132 sum.
903 2072 1083 2157 Argumen-

46 2154 137 2227 ,tum
155 2157 286 2240 quidem
305 2156 497 2239 praeclarius
515 2156 638 2216 nullum
657 2155 725 2217 fere
751 2181 822 2220 esse
840 2172 968 2242 potest,
990 2176 1085 2239 quam

61 2242 156 2326 quod
173 2245 208 2303 in
227 2262 337 2304 mecm
353 2261 547 2304 ncsxartnm
566 2240 761 2317 celebrandis
779 2245 880 2333 gestis
899 2255 1081 2326 occupatur.

60 2331 113 2388 Ac
134 2328 213 2401 mihi
239 2325 383 2412 profecto
411 2327 524 2388 avebat
554 2327 682 2390 animus
702 2329 737 2386 in
762 2325 820 2390 bac
840 2328 953 2389 bellica
973 2340 1084 2386 nostra

58 2429 170 2474 aetate
201 2411 353 2498 stupendi
380 2412 512 2475 Iuvenis
537 2410 687 2472 refricare
713 2415 917 2490 memoriam,
949 2435 966 2471 a
991 2412 1082 2472 cuius

63 2498 146 2559 olim
170 2500 299 2558 infinita
327 2499 449 2558 virtute
478 2496 566 2559 orbis
587 2519 688 2581 paene
716 2502 885 2580 uniuersus
913 2509 1082 2581 superatus

58 2600 127 2644 est.
163 2582 262 2666 Quod
285 2603 403 2641 nomen
419 2605 571 2664 umquam
591 2582 704 2641 clarius
725 2580 813 2645 fuit?
835 2586 927 2645 cuius
953 2604 1005 2641 res
1028 2601 1083 2667 ge·

57 2684 134 2732 stae
158 2667 279 2751 pares?
310 2664 406 2745 Hunc
434 2665 536 2725 adhuc
565 2663 796 2737 adolescentem
822 2671 910 2750 (non
936 2689 1026 2728 secus
1049 2684 1094 2724 ao·

50 2751 261 2839 paulo'ante
283 2746 468 2808 confirmata
489 2747 575 2823 famis
592 2746 780 2831 Philippum
791 2750 854 2832 (tt)
879 2754 1008 2811 gummi,
1034 2768 1083 2807 re.
1156 2770 1259 2828 Rem

47 2841 124 2900 bus
143 2857 178 2894 ac
189 2828 314 2919 persico
326 2832 412 2892 bello
428 2831 559 2893 Graecia
575 2845 686 2898 ¹cuncta
699 2830 865 2917 praefecit.
889 2835 961 2918 Qua
975 2846 1083 2894 aucto·
1108 2855 1260 2912 meandri

48 2925 160 2985 ritate
179 2933 344 3002 suscepta,
366 2940 432 2979 non
452 2919 507 2978 ille
538 2915 667 3000 quidem
694 2919 869 3003 imperator
894 2918 985 2982 visus
1014 2930 1082 2992 est,
1114 2945 1259 2996 mmmm,

51 3006 119 3069 sed
142 3003 265 3064 flamma
291 3000 444 3089 quaedam
472 3017 505 3063 et
529 3000 606 3063 belli
632 2998 753 3064 fulmen
779 3001 811 3064 et
836 3004 954 3080 turb0,
987 3018 1081 3088 quem
1113 3047 1169 3081 um,

49 3092 146 3154 nulla
163 3111 314 3172 umquam
335 3088 511 3150 adversitas
538 3086 725 3151 retardavit.
764 3091 899 3152 Thracas
921 3089 1091 3176 primum,-

50 3175 241 3249 Triballos‚
263 3176 421 3249 Moesos,
443 3175 593 3255 Illyrios,
615 3173 797 3252 Dalmatas,
821 3162 968 3249 Go'thos,
992 3174 1080 3258 quod

52 3263 177 3325 bellum
202 3274 271 3319 erat
295 3262 432 3321 mixtum
460 3282 500 3319 ex
527 3258 671 3320 barbaris
699 3261 888 3323 civitatibus
918 3276 1015 3344 atque
1040 3282 1080 3322 ex

54 3347 313 3409 bellicosissimis
337 3342 550 3420 nationibus,
574 3346 671 3406 iustis
694 3368 801 3407 omnes
826 3347 1080 3432 proeliis-supe·

61 3434 154 3494 savit.
189 3433 275 3493 Mox
293 3430 420 3492 Thebas
438 3431 597 3491 orientem
615 3431 749 3494 Iuvenis
766 3431 900 3520 gloriam
918 3452 1008 3492 ausas
1027 3433 1078 3492 in·

64 3512 198 3603 {ringere
225 3531 315 3577 tanta
338 3512 559 3597 internecione
584 3515 725 3594 delevit,
757 3532 794 3579 ut
819 3531 950 3578 cunctae
979 3515 1080 3577 Grae·

61 3600 147 3673 ciae,
166 3604 233 3663 nisi
254 3603 435 3688 paruisset,
458 3603 551 3684 quasi
569 3603 698 3690 signum
721 3601 760 3663 ad
784 3594 1017 3689 desperandum
1035 3601 1075 3663 de

52 3685 162 3746 salute
184 3688 363 3749 sustulerit.
405 3686 493 3750 Hinc
509 3686 692 3749 Alexander
713 3689 851 3753 volitans
872 3689 993 3781 gloriae
1021 3708 1077 3748 cu·

46 3770 196 3859 piditate
222 3772 302 3834 belli
330 3775 484 3859 impetum
514 3774 548 3835 in
570 3775 680 3835 Asiam
698 3772 947 3855 transtulit,··et
965 3775 1075 3840 Bersa·
1117 3826 1119 3837 .

109 3999 157 4063 (1)
182 3997 302 4050 lustinus
325 3999 421 4069 Ix.³s.
