2776 4934
72 2792 192 2847 Alexan-

31 2877 73 2930 dri
108 2878 193 2931 inole-

30 2963 140 3020 mentia.

185 457 244 515 176
475 444 741 529 muranum
762 444 899 507 onrvs

182 620 346 694 Addebat
370 621 501 693 etiam:

269 784 326 836 Hos
348 783 397 834 tibi
421 798 511 835 muros
532 781 599 831 haee
620 777 728 831 moenia
749 779 831 829 Zetus
849 768 891 817 (⁰)
912 774 961 827 ille

270 893 323 944 Vel
343 890 473 961 Anphion
494 888 582 959 stirpis
605 900 665 941 tuae
686 904 746 957 pars
769 883 886 940 maxima
909 875 964 949 (ι),

270 1003 401 1072 Apolline
422 1002 562 1070 Musisque
583 994 838 1052 adminiculantibus

271 1113 355 1166 Fecit.
378 1114 436 1165 Nee
458 1109 549 1172 videa,
572 1109 600 1159 in
623 1126 680 1160 rem
703 1120 776 1159 tuam
796 1106 892 1179 tuique

274 1221 387 1274 Generis
411 1219 525 1291 gloriam
547 1231 573 1269 te
595 1215 720 1269 saevire‘l
744 1215 818 1287 Quid
839 1212 914 1286 quod
939 1200 976 1256 (ὅ)

275 1330 353 1383 Idem
375 1328 418 1383 illi
437 1328 486 1384 Dii
505 1327 645 1398 praestitos
667 1339 694 1377 et
715 1325 830 1378 maiores
851 1323 893 1375 tui

277 1439 423 1493 Laetitiam
446 1437 500 1490 suis
523 1450 549 1488 et
570 1437 703 1488 ultionem
725 1453 760 1487 ex
778 1434 920 1498 hortibus,

278 1554 375 1606 Pacem
397 1549 513 1621 denique
535 1568 595 1601 oum
616 1538 651 1590 (·)
674 1547 775 1617 ignotis

279 1660 420 1717 Maiestate
442 1659 484 1711 sui
505 1670 531 1710 et
553 1656 696 1711 virtutibus
718 1652 907 1724 pepererunt?

280 1770 339 1824 Hoc
360 1770 444 1826 Liber
464 1782 499 1822 ex
520 1768 615 1832 India,
637 1768 689 1819 lroe
709 1764 786 1817 nobis
808 1762 937 1816 Hercules

280 1883 324 1934 Ex
346 1879 420 1933 omni
441 1891 571 1930 terrarum
592 1878 656 1928 orbe
677 1888 821 1948 procurate
869 1857 873 1866 ¹

282 1993 406 2060 Quorum
427 2000 455 2039 te
476 1988 547 2037 malo
570 1988 734 2039 imitatorem
754 1986 843 2055 potius

284 2101 374 2167 Quam
395 2094 560 2149 invidentem
582 2096 676 2147 fuisse.
707 2095 752 2147 An
774 2096 824 2148 tibi
844 2108 923 2167 putas

284 2206 346 2259 Sine
368 2205 507 2275 sacrilegio
529 2223 586 2256 rem
607 2205 727 2256 futuram

283 2313 389 2368 Locum
410 2313 493 2369 iatum
514 2312 586 2363 ferro
609 2325 635 2363 et
656 2312 714 2382 igni
733 2315 880 2384 postulari,

285 2426 319 2478 In
339 2441 393 2495 quo
416 2423 539 2476 Semelen
562 2440 637 2477 suam
657 2441 706 2476 rex
727 2425 818 2477 Deum
839 2424 945 2495 Iupiter

287 2534 469 2598 Maritaverit‚
492 2534 520 2586 in
543 2552 595 2605 quo
618 2535 796 2587 Alcumenam
817 2553 927 2608 quoque

289 2645 364 2698 Idem
385 2645 456 2697 Iovis
480 2644 620 2715 [nuptiis]
643 2644 766 2715 dignatus
789 2645 848 2699 sitt

278 2798 420 2868 LXVII.
467 2792 632 2865 Addebat
670 2812 705 2865 et
745 2794 909 2882 fabulas,
956 2823 1209 2899 quaecumque

204 2918 382 2991 thebanae
406 2938 507 3002 sunt,
541 2939 578 2991 et
602 2922 797 2993 memorias
823 2923 1009 3022 religiosas
1036 2953 1134 3025 quas
1163 2954 1214 3001 ve·

205 3066 264 3118 tus
290 3045 442 3115 historia
469 3046 711 3118 commendat.
744 3046 813 3118 Sed
827 3047 887 3119 hic
903 3055 1141 3127 commotior
1160 3079 1215 3126 rex

206 3179 348 3270 ‚Quam
372 3168 577 3276 yellemffl),
604 3174 744 3267 inquit,
771 3199 793 3245 o
820 3193 862 3244 tu
887 3175 951 3270 qui
976 3176 1128 3251 civium
1144 3200 1220 3253 tuo⁴

207 3324 313 3384 „rum
338 3295 543 3369 infortunio
561 3296 770 3397 suffragaris
787 3301 974 3371 consultor
987 3304 1121 3396 potius
1135 3306 1218 3377 fuis·

122 3476 126 3485 .
206 3450 285 3509 „ses
311 3424 351 3494 in
377 3427 524 3508 melius,
552 3440 588 3494 et
613 3422 692 3493 illio
717 3442 818 3497 tuam
852 3429 1095 3524 prudentiam
1127 3456 1221 3507 exer·

236 3661 276 3713 (a)
292 3665 366 3709 Alius
388 3663 446 3713 cod.
471 3664 553 3711 ambr·
577 3661 682 3711 zethus.
706 3658 741 3715 (b)
764 3661 828 3708 Cod-
855 3661 985 3723 quicquid·
1016 3667 1055 3719 (c)
1079 3669 1147 3723 cod.
1164 3680 1222 3717 trau·

209 3734 251 3787 (d)
269 3738 331 3785 God.
351 3739 431 3787 vellet.

208 3842 505 3863 --—.......-

254 3927 300 3998 (1)
324 3932 393 4001 Quia
408 3947 522 4006 uterque
537 3934 608 3987 filius
622 3935 693 3987 Iovia
702 3972 710 3997 ,
740 3951 755 3985 a
774 3950 827 4003 quo
842 3947 874 3986 et
889 3935 1045 3989 Alexander
1062 3957 1154 4009 genua
1175 3952 1224 3995 tra·

208 4015 292 4072 ‚luebat
306 4030 459 4072 maternum
472 4038 521 4091 per
533 4020 666 4085 Aeaeum,
686 4030 828 4091 paternum
842 4038 891 4093 per
907 4022 1066 4076 Heroulem.
