<?xml version="1.0" encoding="UTF-8"?>
<!DOCTYPE html PUBLIC "-//W3C//DTD XHTML 1.0 Transitional//EN"
    "http://www.w3.org/TR/xhtml1/DTD/xhtml1-transitional.dtd">
<html xmlns="http://www.w3.org/1999/xhtml" xml:lang="en" lang="en">
 <head>
  <title>
</title>
<meta http-equiv="Content-Type" content="text/html;charset=utf-8" />
  <meta name='ocr-system' content='tesseract 3.04.00' />
  <meta name='ocr-capabilities' content='ocr_page ocr_carea ocr_par ocr_line ocrx_word'/>
</head>
<body>
  <div class='ocr_page' id='page_1' title='image "./itinerariumalex00valegoog_0152.png"; bbox 0 0 2776 4934; ppageno 0'>
   <div class='ocr_carea' id='block_1_1' title="bbox 514 472 794 539">
    <p class='ocr_par' dir='ltr' id='par_1_1' title="bbox 514 472 794 539">
     <span class='ocr_line' id='line_1_1' title="bbox 514 472 794 539; baseline 0.018 -7"><span class='ocrx_word' id='word_1_1' title='bbox 514 472 593 533; x_wconf 78' lang='lat' dir='ltr'><strong>SEV</strong></span> <span class='ocrx_word' id='word_1_2' title='bbox 614 472 747 539; x_wconf 84' lang='lat' dir='ltr'>LIBER</span> <span class='ocrx_word' id='word_1_3' title='bbox 765 475 794 537; x_wconf 90' lang='lat'><strong>1.</strong></span> 
     </span>
    </p>
   </div>
   <div class='ocr_carea' id='block_1_2' title="bbox 229 647 900 1704">
    <p class='ocr_par' dir='ltr' id='par_1_2' title="bbox 231 647 879 1145">
     <span class='ocr_line' id='line_1_2' title="bbox 232 647 811 715; baseline 0.017 -17"><span class='ocrx_word' id='word_1_4' title='bbox 232 647 376 715; x_wconf 83' lang='lat' dir='ltr'><strong>Decusquc</strong></span> <span class='ocrx_word' id='word_1_5' title='bbox 397 648 505 702; x_wconf 85' lang='lat' dir='ltr'><strong>vincens</strong></span> <span class='ocrx_word' id='word_1_6' title='bbox 529 652 628 706; x_wconf 75' lang='lat' dir='ltr'><strong>civium</strong></span> <span class='ocrx_word' id='word_1_7' title='bbox 651 656 811 708; x_wconf 83' lang='lat' dir='ltr'><strong>concordia:</strong></span> 
     </span>
     <span class='ocr_line' id='line_1_3' title="bbox 231 745 848 836; baseline 0.019 -29"><span class='ocrx_word' id='word_1_8' title='bbox 231 754 330 807; x_wconf 80' lang='lat' dir='ltr'>Oblata</span> <span class='ocrx_word' id='word_1_9' title='bbox 344 745 384 796; x_wconf 84' lang='lat' dir='ltr'><strong>(a)</strong></span> <span class='ocrx_word' id='word_1_10' title='bbox 406 757 482 809; x_wconf 89' lang='lat' dir='ltr'><strong>sedes</strong></span> <span class='ocrx_word' id='word_1_11' title='bbox 503 759 575 812; x_wconf 88' lang='lat' dir='ltr'><strong>vitae</strong></span> <span class='ocrx_word' id='word_1_12' title='bbox 597 762 677 831; x_wconf 84' lang='lat' dir='ltr'><strong>quale·</strong></span> <span class='ocrx_word' id='word_1_13' title='bbox 700 776 757 816; x_wconf 86' lang='lat' dir='ltr'><strong>tum</strong></span> <span class='ocrx_word' id='word_1_14' title='bbox 779 767 848 836; x_wconf 85' lang='lat' dir='ltr'><strong>sapit</strong></span> 
     </span>
     <span class='ocr_line' id='line_1_4' title="bbox 232 859 783 939; baseline 0.013 -20"><span class='ocrx_word' id='word_1_15' title='bbox 232 864 433 935; x_wconf 88' lang='lat' dir='ltr'><strong>Cunabulisque</strong></span> <span class='ocrx_word' id='word_1_16' title='bbox 455 868 557 936; x_wconf 85' lang='lat' dir='ltr'>gratior</span> <span class='ocrx_word' id='word_1_17' title='bbox 578 869 750 939; x_wconf 84' lang='lat' dir='ltr'><strong>genitalibus.</strong></span> <span class='ocrx_word' id='word_1_18' title='bbox 778 859 783 874; x_wconf 52' lang='grc'><em>“</em></span> 
     </span>
     <span class='ocr_line' id='line_1_5' title="bbox 233 964 879 1052; baseline 0.02 -31"><span class='ocrx_word' id='word_1_19' title='bbox 233 971 342 1043; x_wconf 86' lang='lat' dir='ltr'>Quippe</span> <span class='ocrx_word' id='word_1_20' title='bbox 356 973 420 1047; x_wconf 84' lang='lat' dir='ltr'><strong>‘ipse</strong></span> <span class='ocrx_word' id='word_1_21' title='bbox 443 977 520 1030; x_wconf 86' lang='lat' dir='ltr'><strong>laetis</strong></span> <span class='ocrx_word' id='word_1_22' title='bbox 542 979 653 1033; x_wconf 85' lang='lat' dir='ltr'><strong>coetibus</strong></span> <span class='ocrx_word' id='word_1_23' title='bbox 673 964 782 1052; x_wconf 81' lang='lat' dir='ltr'><strong>praesul</strong></span> <span class='ocrx_word' id='word_1_24' title='bbox 803 983 879 1036; x_wconf 83' lang='lat' dir='ltr'><strong>Chao</strong></span> 
     </span>
     <span class='ocr_line' id='line_1_6' title="bbox 231 1081 745 1145; baseline 0.023 -12"><span class='ocrx_word' id='word_1_25' title='bbox 231 1081 415 1139; x_wconf 85' lang='lat' dir='ltr'><strong>Interminatis</strong></span> <span class='ocrx_word' id='word_1_26' title='bbox 436 1089 604 1143; x_wconf 85' lang='lat' dir='ltr'><strong>saeculorum</strong></span> <span class='ocrx_word' id='word_1_27' title='bbox 626 1091 745 1145; x_wconf 82' lang='lat' dir='ltr'><strong>cursibus</strong></span> 
     </span>
    </p>

    <p class='ocr_par' dir='ltr' id='par_1_3' title="bbox 229 1190 900 1704">
     <span class='ocr_line' id='line_1_7' title="bbox 232 1190 841 1271; baseline 0.021 -31"><span class='ocrx_word' id='word_1_28' title='bbox 232 1190 354 1245; x_wconf 80' lang='lat' dir='ltr'><strong>Fundata</strong></span> <span class='ocrx_word' id='word_1_29' title='bbox 377 1195 449 1265; x_wconf 88' lang='lat' dir='ltr'><strong>quod</strong></span> <span class='ocrx_word' id='word_1_30' title='bbox 467 1198 502 1249; x_wconf 86' lang='lat' dir='ltr'><strong>sir</strong></span> <span class='ocrx_word' id='word_1_31' title='bbox 526 1199 604 1253; x_wconf 86' lang='lat' dir='ltr'><strong>tellus</strong></span> <span class='ocrx_word' id='word_1_32' title='bbox 626 1201 699 1253; x_wconf 88' lang='lat' dir='ltr'><strong>hisce</strong></span> <span class='ocrx_word' id='word_1_33' title='bbox 720 1201 841 1271; x_wconf 83' lang='lat' dir='ltr'><strong>legibus,</strong></span> 
     </span>
     <span class='ocr_line' id='line_1_8' title="bbox 232 1302 781 1364; baseline 0.013 -9"><span class='ocrx_word' id='word_1_34' title='bbox 232 1302 333 1357; x_wconf 83' lang='lat' dir='ltr'><strong>Ridens</strong></span> <span class='ocrx_word' id='word_1_35' title='bbox 355 1325 449 1358; x_wconf 86' lang='lat' dir='ltr'><strong>sereno</strong></span> <span class='ocrx_word' id='word_1_36' title='bbox 471 1308 515 1359; x_wconf 86' lang='lat' dir='ltr'><strong>vel</strong></span> <span class='ocrx_word' id='word_1_37' title='bbox 536 1326 646 1362; x_wconf 88' lang='lat' dir='ltr'><strong>corusco</strong></span> <span class='ocrx_word' id='word_1_38' title='bbox 668 1311 781 1364; x_wconf 88' lang='lat' dir='ltr'><strong>lumine.</strong></span> 
     </span>
     <span class='ocr_line' id='line_1_9' title="bbox 233 1414 881 1485; baseline 0.011 -22"><span class='ocrx_word' id='word_1_39' title='bbox 233 1414 341 1485; x_wconf 82' lang='lat' dir='ltr'>Quippe</span> <span class='ocrx_word' id='word_1_40' title='bbox 363 1416 441 1468; x_wconf 83' lang='lat' dir='ltr'><strong>astris</strong></span> <span class='ocrx_word' id='word_1_41' title='bbox 464 1417 552 1471; x_wconf 86' lang='lat' dir='ltr'><strong>solum</strong></span> <span class='ocrx_word' id='word_1_42' title='bbox 574 1419 696 1471; x_wconf 88' lang='lat' dir='ltr'><strong>sontibus</strong></span> <span class='ocrx_word' id='word_1_43' title='bbox 719 1420 774 1472; x_wconf 83' lang='lat' dir='ltr'><strong>iam</strong></span> <span class='ocrx_word' id='word_1_44' title='bbox 795 1420 881 1472; x_wconf 85' lang='lat' dir='ltr'><strong>libera</strong></span> 
     </span>
     <span class='ocr_line' id='line_1_10' title="bbox 229 1521 856 1600; baseline 0.014 -27"><span class='ocrx_word' id='word_1_45' title='bbox 229 1521 334 1575; x_wconf 80' lang='lat' dir='ltr'><strong>Flabris</strong></span> <span class='ocrx_word' id='word_1_46' title='bbox 356 1526 465 1579; x_wconf 82' lang='lat' dir='ltr'><strong>fovetur</strong></span> <span class='ocrx_word' id='word_1_47' title='bbox 484 1527 637 1600; x_wconf 81' lang='lat' dir='ltr'>blandeque</span> <span class='ocrx_word' id='word_1_48' title='bbox 658 1529 856 1599; x_wconf 80' lang='lat' dir='ltr'><strong>aspirantibus,</strong></span> 
     </span>
     <span class='ocr_line' id='line_1_11' title="bbox 231 1631 900 1704; baseline 0.013 -21"><span class='ocrx_word' id='word_1_49' title='bbox 231 1631 333 1702; x_wconf 84' lang='lat' dir='ltr'><strong>Nequit</strong></span> <span class='ocrx_word' id='word_1_50' title='bbox 354 1647 497 1704; x_wconf 89' lang='lat' dir='ltr'><strong>potentum</strong></span> <span class='ocrx_word' id='word_1_51' title='bbox 518 1638 560 1688; x_wconf 88' lang='lat' dir='ltr'><strong>vis</strong></span> <span class='ocrx_word' id='word_1_52' title='bbox 581 1636 723 1689; x_wconf 82' lang='lat' dir='ltr'><strong>meditulla</strong></span> <span class='ocrx_word' id='word_1_53' title='bbox 745 1637 900 1692; x_wconf 66' lang='lat' dir='ltr'><strong>damonum</strong></span> 
     </span>
    </p>
   </div>
   <div class='ocr_carea' id='block_1_3' title="bbox 230 1739 744 1816">
    <p class='ocr_par' dir='ltr' id='par_1_4' title="bbox 230 1739 744 1816">
     <span class='ocr_line' id='line_1_12' title="bbox 230 1739 744 1816; baseline 0.012 -25"><span class='ocrx_word' id='word_1_54' title='bbox 230 1739 316 1793; x_wconf 84' lang='lat' dir='ltr'><strong>Exim</strong></span> <span class='ocrx_word' id='word_1_55' title='bbox 335 1762 432 1796; x_wconf 87' lang='lat' dir='ltr'><strong>nocere</strong></span> <span class='ocrx_word' id='word_1_56' title='bbox 453 1745 601 1816; x_wconf 84' lang='lat' dir='ltr'><strong>imperioso</strong></span> <span class='ocrx_word' id='word_1_57' title='bbox 624 1746 744 1797; x_wconf 86' lang='lat' dir='ltr'><strong>numine.</strong></span> 
     </span>
    </p>
   </div>
   <div class='ocr_carea' id='block_1_4' title="bbox 187 1815 851 1925">
    <p class='ocr_par' dir='ltr' id='par_1_5' title="bbox 187 1815 851 1925">
     <span class='ocr_line' id='line_1_13' title="bbox 187 1815 851 1925; baseline 0.012 -25"><span class='ocrx_word' id='word_1_58' title='bbox 187 1885 191 1893; x_wconf 51' lang='lat'><em>1</em></span> <span class='ocrx_word' id='word_1_59' title='bbox 232 1847 284 1901; x_wconf 85' lang='lat' dir='ltr'><strong>Est</strong></span> <span class='ocrx_word' id='word_1_60' title='bbox 304 1868 422 1925; x_wconf 87' lang='lat' dir='ltr'><strong>namque</strong></span> <span class='ocrx_word' id='word_1_61' title='bbox 443 1853 532 1907; x_wconf 85' lang='lat' dir='ltr'><strong>fatum</strong></span> <span class='ocrx_word' id='word_1_62' title='bbox 552 1853 673 1907; x_wconf 85' lang='lat' dir='ltr'><strong>motibus</strong></span> <span class='ocrx_word' id='word_1_63' title='bbox 694 1815 851 1913; x_wconf 69' lang='lat' dir='ltr'><strong>nutanbibur</strong></span> 
     </span>
    </p>
   </div>
   <div class='ocr_carea' id='block_1_5' title="bbox 231 1946 948 3342">
    <p class='ocr_par' dir='ltr' id='par_1_6' title="bbox 231 1946 948 3342">
     <span class='ocr_line' id='line_1_14' title="bbox 237 1946 803 2036; baseline 0.012 -28"><span class='ocrx_word' id='word_1_64' title='bbox 237 1946 357 2012; x_wconf 78' lang='lat' dir='ltr'><strong>Telluris</strong></span> <span class='ocrx_word' id='word_1_65' title='bbox 379 1963 460 2017; x_wconf 86' lang='lat' dir='ltr'><strong>huius</strong></span> <span class='ocrx_word' id='word_1_66' title='bbox 483 1965 576 2036; x_wconf 82' lang='lat' dir='ltr'><strong>penita</strong></span> <span class='ocrx_word' id='word_1_67' title='bbox 598 1964 803 2017; x_wconf 79' lang='lat' dir='ltr'><strong>contremiscere</strong></span> 
     </span>
     <span class='ocr_line' id='line_1_15' title="bbox 232 2067 881 2144; baseline 0.011 -26"><span class='ocrx_word' id='word_1_68' title='bbox 232 2067 400 2143; x_wconf 77' lang='lat' dir='ltr'>Famemque</span> <span class='ocrx_word' id='word_1_69' title='bbox 420 2092 499 2126; x_wconf 82' lang='lat' dir='ltr'><strong>nosse</strong></span> <span class='ocrx_word' id='word_1_70' title='bbox 521 2075 607 2127; x_wconf 81' lang='lat' dir='ltr'><strong>celere</strong></span> <span class='ocrx_word' id='word_1_71' title='bbox 628 2072 770 2144; x_wconf 85' lang='lat' dir='ltr'><strong>perfuncta</strong></span> <span class='ocrx_word' id='word_1_72' title='bbox 789 2086 881 2138; x_wconf 87' lang='lat' dir='ltr'><strong>metu,</strong></span> 
     </span>
     <span class='ocr_line' id='line_1_16' title="bbox 233 2168 893 2253; baseline 0.009 -26"><span class='ocrx_word' id='word_1_73' title='bbox 233 2176 347 2230; x_wconf 83' lang='lat' dir='ltr'><strong>Tractus</strong></span> <span class='ocrx_word' id='word_1_74' title='bbox 368 2168 500 2233; x_wconf 61' lang='lat' dir='ltr'><strong>tualesffi)</strong></span> <span class='ocrx_word' id='word_1_75' title='bbox 517 2173 559 2225; x_wconf 69' lang='grc' dir='ltr'><strong>(Ι)</strong></span> <span class='ocrx_word' id='word_1_76' title='bbox 588 2194 669 2253; x_wconf 84' lang='lat' dir='ltr'><strong>atque</strong></span> <span class='ocrx_word' id='word_1_77' title='bbox 691 2182 763 2234; x_wconf 86' lang='lat' dir='ltr'><strong>bella</strong></span> <span class='ocrx_word' id='word_1_78' title='bbox 783 2183 893 2252; x_wconf 82' lang='lat' dir='ltr'><strong>percita.</strong></span> 
     </span>
     <span class='ocr_line' id='line_1_17' title="bbox 231 2285 821 2343; baseline 0.01 -7"><span class='ocrx_word' id='word_1_79' title='bbox 231 2285 311 2338; x_wconf 87' lang='lat' dir='ltr'><strong>Enim</strong></span> <span class='ocrx_word' id='word_1_80' title='bbox 333 2288 465 2342; x_wconf 85' lang='lat' dir='ltr'><strong>facessent</strong></span> <span class='ocrx_word' id='word_1_81' title='bbox 485 2292 536 2343; x_wconf 87' lang='lat' dir='ltr'><strong>ista</strong></span> <span class='ocrx_word' id='word_1_82' title='bbox 558 2309 607 2343; x_wconf 87' lang='lat' dir='ltr'><strong>ceu</strong></span> <span class='ocrx_word' id='word_1_83' title='bbox 628 2290 652 2342; x_wconf 82' lang='lat' dir='ltr'><strong>si</strong></span> <span class='ocrx_word' id='word_1_84' title='bbox 675 2291 821 2343; x_wconf 83' lang='lat' dir='ltr'><strong>somnium.</strong></span> 
     </span>
     <span class='ocr_line' id='line_1_18' title="bbox 231 2395 849 2470; baseline 0.006 -22"><span class='ocrx_word' id='word_1_85' title='bbox 231 2395 319 2465; x_wconf 79' lang='lat' dir='ltr'><strong>Reges</strong></span> <span class='ocrx_word' id='word_1_86' title='bbox 340 2400 552 2470; x_wconf 81' lang='lat' dir='ltr'><strong>multigenarum</strong></span> <span class='ocrx_word' id='word_1_87' title='bbox 573 2400 696 2469; x_wconf 75' lang='lat' dir='ltr'><strong>gentium</strong></span> <span class='ocrx_word' id='word_1_88' title='bbox 717 2401 849 2452; x_wconf 88' lang='lat' dir='ltr'><strong>honorem</strong></span> 
     </span>
     <span class='ocr_line' id='line_1_19' title="bbox 233 2504 841 2560; baseline -0.007 -1"><span class='ocrx_word' id='word_1_89' title='bbox 233 2504 365 2559; x_wconf 84' lang='lat' dir='ltr'><strong>Divinum</strong></span> <span class='ocrx_word' id='word_1_90' title='bbox 387 2526 493 2559; x_wconf 86' lang='lat' dir='ltr'><strong>summo</strong></span> <span class='ocrx_word' id='word_1_91' title='bbox 516 2510 591 2560; x_wconf 87' lang='lat' dir='ltr'><strong>cultu</strong></span> <span class='ocrx_word' id='word_1_92' title='bbox 614 2508 770 2559; x_wconf 87' lang='lat' dir='ltr'><strong>exambient</strong></span> <span class='ocrx_word' id='word_1_93' title='bbox 837 2547 841 2555; x_wconf 89' lang='lat'>.</span> 
     </span>
     <span class='ocr_line' id='line_1_20' title="bbox 235 2614 877 2686; baseline 0.002 -21"><span class='ocrx_word' id='word_1_94' title='bbox 235 2614 323 2665; x_wconf 86' lang='lat' dir='ltr'><strong>Astris</strong></span> <span class='ocrx_word' id='word_1_95' title='bbox 345 2629 483 2686; x_wconf 88' lang='lat' dir='ltr'><strong>receptum</strong></span> <span class='ocrx_word' id='word_1_96' title='bbox 504 2615 676 2685; x_wconf 82' lang='lat' dir='ltr'><strong>caelitumque</strong></span> <span class='ocrx_word' id='word_1_97' title='bbox 697 2631 877 2683; x_wconf 82' lang='lat' dir='ltr'><strong>congregem:</strong></span> 
     </span>
     <span class='ocr_line' id='line_1_21' title="bbox 238 2722 793 2795; baseline -0.004 -21"><span class='ocrx_word' id='word_1_98' title='bbox 238 2724 362 2792; x_wconf 86' lang='lat' dir='ltr'><strong>Quorum</strong></span> <span class='ocrx_word' id='word_1_99' title='bbox 385 2726 525 2795; x_wconf 87' lang='lat' dir='ltr'><strong>frequente</strong></span> <span class='ocrx_word' id='word_1_100' title='bbox 548 2724 623 2774; x_wconf 80' lang='lat' dir='ltr'><strong>cultu</strong></span> <span class='ocrx_word' id='word_1_101' title='bbox 643 2723 666 2772; x_wconf 86' lang='lat' dir='ltr'><strong>is</strong></span> <span class='ocrx_word' id='word_1_102' title='bbox 688 2722 793 2773; x_wconf 87' lang='lat' dir='ltr'><strong>beatior</strong></span> 
     </span>
     <span class='ocr_line' id='line_1_22' title="bbox 236 2830 855 2902; baseline -0.005 -19"><span class='ocrx_word' id='word_1_103' title='bbox 236 2832 364 2902; x_wconf 80' lang='lat' dir='ltr'><strong>Trosque</strong></span> <span class='ocrx_word' id='word_1_104' title='bbox 386 2845 497 2901; x_wconf 66' lang='lat' dir='ltr'><strong>praestas</strong></span> <span class='ocrx_word' id='word_1_105' title='bbox 519 2831 630 2883; x_wconf 86' lang='lat' dir='ltr'><strong>numine</strong></span> <span class='ocrx_word' id='word_1_106' title='bbox 652 2830 855 2899; x_wconf 79' lang='lat' dir='ltr'><strong>augustissimo.</strong></span> 
     </span>
     <span class='ocr_line' id='line_1_23' title="bbox 236 2928 948 3012; baseline -0.001 -21"><span class='ocrx_word' id='word_1_107' title='bbox 236 2939 300 2992; x_wconf 80' lang='lat' dir='ltr'><strong>Haec</strong></span> <span class='ocrx_word' id='word_1_108' title='bbox 322 2941 423 3012; x_wconf 83' lang='lat' dir='ltr'><strong>quippe</strong></span> <span class='ocrx_word' id='word_1_109' title='bbox 442 2940 518 2992; x_wconf 81' lang='lat' dir='ltr'><strong>seder</strong></span> <span class='ocrx_word' id='word_1_110' title='bbox 542 2939 648 3011; x_wconf 84' lang='lat' dir='ltr'><strong>corpori</strong></span> <span class='ocrx_word' id='word_1_111' title='bbox 670 2951 709 2990; x_wconf 82' lang='lat' dir='ltr'><strong>est</strong></span> <span class='ocrx_word' id='word_1_112' title='bbox 731 2940 826 2991; x_wconf 84' lang='lat' dir='ltr'><strong>caelum</strong></span> <span class='ocrx_word' id='word_1_113' title='bbox 850 2928 948 2990; x_wconf 55' lang='lat' dir='ltr'><strong>tuost).</strong></span> 
     </span>
     <span class='ocr_line' id='line_1_24' title="bbox 233 3032 910 3121; baseline -0.003 -20"><span class='ocrx_word' id='word_1_114' title='bbox 233 3048 312 3101; x_wconf 90' lang='lat' dir='ltr'><strong>Nunc</strong></span> <span class='ocrx_word' id='word_1_115' title='bbox 334 3048 392 3120; x_wconf 87' lang='lat' dir='ltr'><strong>ipse</strong></span> <span class='ocrx_word' id='word_1_116' title='bbox 413 3050 462 3121; x_wconf 88' lang='lat' dir='ltr'><strong>qui</strong></span> <span class='ocrx_word' id='word_1_117' title='bbox 482 3050 536 3103; x_wconf 86' lang='lat' dir='ltr'><strong>sim</strong></span> <span class='ocrx_word' id='word_1_118' title='bbox 557 3032 648 3100; x_wconf 79' lang='lat' dir='ltr'><strong>mente</strong></span> <span class='ocrx_word' id='word_1_119' title='bbox 669 3049 761 3100; x_wconf 87' lang='lat' dir='ltr'><strong>bibula</strong></span> <span class='ocrx_word' id='word_1_120' title='bbox 784 3048 910 3120; x_wconf 89' lang='lat' dir='ltr'><strong>percipe,</strong></span> 
     </span>
     <span class='ocr_line' id='line_1_25' title="bbox 235 3157 906 3232; baseline -0.003 -19"><span class='ocrx_word' id='word_1_121' title='bbox 235 3161 396 3232; x_wconf 87' lang='lat' dir='ltr'><strong>Nomenque</strong></span> <span class='ocrx_word' id='word_1_122' title='bbox 417 3171 541 3211; x_wconf 88' lang='lat' dir='ltr'><strong>nostrum</strong></span> <span class='ocrx_word' id='word_1_123' title='bbox 562 3157 636 3210; x_wconf 87' lang='lat' dir='ltr'><strong>hisce</strong></span> <span class='ocrx_word' id='word_1_124' title='bbox 658 3159 776 3213; x_wconf 88' lang='lat' dir='ltr'><strong>numeris</strong></span> <span class='ocrx_word' id='word_1_125' title='bbox 799 3158 906 3229; x_wconf 79' lang='lat' dir='ltr'><strong>collige.</strong></span> 
     </span>
     <span class='ocr_line' id='line_1_26' title="bbox 236 3268 838 3342; baseline -0.003 -18"><span class='ocrx_word' id='word_1_126' title='bbox 236 3270 293 3324; x_wconf 87' lang='lat' dir='ltr'><strong>Sub</strong></span> <span class='ocrx_word' id='word_1_127' title='bbox 314 3284 391 3341; x_wconf 78' lang='lat' dir='ltr'><strong>grata</strong></span> <span class='ocrx_word' id='word_1_128' title='bbox 411 3271 531 3342; x_wconf 85' lang='lat' dir='ltr'><strong>primum</strong></span> <span class='ocrx_word' id='word_1_129' title='bbox 552 3268 593 3323; x_wconf 89' lang='lat' dir='ltr'><strong>bis</strong></span> <span class='ocrx_word' id='word_1_130' title='bbox 615 3283 726 3322; x_wconf 85' lang='lat' dir='ltr'><strong>centena</strong></span> <span class='ocrx_word' id='word_1_131' title='bbox 747 3270 838 3322; x_wconf 87' lang='lat' dir='ltr'><strong>littera</strong></span> 
     </span>
    </p>
   </div>
   <div class='ocr_carea' id='block_1_6' title="bbox 237 3379 933 3452">
    <p class='ocr_par' dir='ltr' id='par_1_7' title="bbox 237 3379 933 3452">
     <span class='ocr_line' id='line_1_27' title="bbox 237 3379 933 3452; baseline -0.007 -17"><span class='ocrx_word' id='word_1_132' title='bbox 237 3383 331 3435; x_wconf 86' lang='lat' dir='ltr'><strong>Unum</strong></span> <span class='ocrx_word' id='word_1_133' title='bbox 351 3399 452 3452; x_wconf 86' lang='lat' dir='ltr'><strong>repone</strong></span> <span class='ocrx_word' id='word_1_134' title='bbox 473 3396 633 3446; x_wconf 84' lang='lat' dir='ltr'><strong>numerum,</strong></span> <span class='ocrx_word' id='word_1_135' title='bbox 658 3392 683 3431; x_wconf 88' lang='lat' dir='ltr'><strong>et</strong></span> <span class='ocrx_word' id='word_1_136' title='bbox 706 3379 933 3432; x_wconf 84' lang='lat' dir='ltr'><strong>centum&#39;delrino</strong></span> 
     </span>
    </p>
   </div>
   <div class='ocr_carea' id='block_1_7' title="bbox 175 3630 1082 3689">
    <p class='ocr_par' dir='ltr' id='par_1_8' title="bbox 175 3630 1082 3689">
     <span class='ocr_line' id='line_1_28' title="bbox 175 3630 1082 3689; baseline -0.003 -6"><span class='ocrx_word' id='word_1_137' title='bbox 175 3634 216 3684; x_wconf 82' lang='lat' dir='ltr'><strong>(a)</strong></span> <span class='ocrx_word' id='word_1_138' title='bbox 234 3635 273 3680; x_wconf 79' lang='lat' dir='ltr'><strong>trs</strong></span> <span class='ocrx_word' id='word_1_139' title='bbox 289 3634 347 3681; x_wconf 81' lang='lat' dir='ltr'><strong>cod.</strong></span> <span class='ocrx_word' id='word_1_140' title='bbox 365 3648 429 3684; x_wconf 78' lang='lat' dir='ltr'><strong>mox</strong></span> <span class='ocrx_word' id='word_1_141' title='bbox 443 3637 541 3685; x_wconf 66' lang='lat' dir='ltr'><strong>furum</strong></span> <span class='ocrx_word' id='word_1_142' title='bbox 555 3634 649 3685; x_wconf 61' lang='lat' dir='ltr'><strong>mecca.</strong></span> <span class='ocrx_word' id='word_1_143' title='bbox 673 3632 709 3689; x_wconf 81' lang='lat' dir='ltr'><strong>(b)</strong></span> <span class='ocrx_word' id='word_1_144' title='bbox 726 3636 763 3682; x_wconf 82' lang='lat' dir='ltr'><strong>tta</strong></span> <span class='ocrx_word' id='word_1_145' title='bbox 781 3632 842 3685; x_wconf 74' lang='lat' dir='ltr'><strong>cod,</strong></span> <span class='ocrx_word' id='word_1_146' title='bbox 867 3635 903 3686; x_wconf 86' lang='lat' dir='ltr'><strong>(c)</strong></span> <span class='ocrx_word' id='word_1_147' title='bbox 921 3633 983 3681; x_wconf 81' lang='lat' dir='ltr'><strong>cod.</strong></span> <span class='ocrx_word' id='word_1_148' title='bbox 1001 3635 1049 3681; x_wconf 78' lang='lat' dir='ltr'><strong>eut.</strong></span> <span class='ocrx_word' id='word_1_149' title='bbox 1079 3630 1082 3637; x_wconf 90' lang='lat'>&#39;</span> 
     </span>
    </p>
   </div>
   <div class='ocr_carea' id='block_1_8' title="bbox 146 3854 1167 4102">
    <p class='ocr_par' dir='ltr' id='par_1_9' title="bbox 146 3854 1167 4102">
     <span class='ocr_line' id='line_1_29' title="bbox 196 3854 1167 3932; baseline 0.002 -23"><span class='ocrx_word' id='word_1_150' title='bbox 196 3856 241 3928; x_wconf 90' lang='lat'><strong>(1)</strong></span> <span class='ocrx_word' id='word_1_151' title='bbox 263 3858 306 3911; x_wconf 88' lang='lat' dir='ltr'><strong>De</strong></span> <span class='ocrx_word' id='word_1_152' title='bbox 328 3861 428 3913; x_wconf 88' lang='lat' dir='ltr'><strong>morbis</strong></span> <span class='ocrx_word' id='word_1_153' title='bbox 452 3858 550 3932; x_wconf 87' lang='lat' dir='ltr'><strong>quibus</strong></span> <span class='ocrx_word' id='word_1_154' title='bbox 570 3854 739 3915; x_wconf 83' lang='lat' dir='ltr'><strong>Alexandria</strong></span> <span class='ocrx_word' id='word_1_155' title='bbox 763 3855 882 3908; x_wconf 78' lang='lat' dir='ltr'><strong>obnoxia</strong></span> <span class='ocrx_word' id='word_1_156' title='bbox 908 3867 947 3909; x_wconf 83' lang='lat' dir='ltr'><strong>est</strong></span> <span class='ocrx_word' id='word_1_157' title='bbox 965 3857 1026 3927; x_wconf 79' lang='lat' dir='ltr'><strong>lege</strong></span> <span class='ocrx_word' id='word_1_158' title='bbox 1044 3857 1167 3911; x_wconf 82' lang='lat' dir='ltr'><strong>Hirtium</strong></span> 
     </span>
     <span class='ocr_line' id='line_1_30' title="bbox 150 3939 1165 4019; baseline -0.006 -20"><span class='ocrx_word' id='word_1_159' title='bbox 150 3945 217 3999; x_wconf 88' lang='lat' dir='ltr'><strong>bell.</strong></span> <span class='ocrx_word' id='word_1_160' title='bbox 239 3945 307 3996; x_wconf 87' lang='lat' dir='ltr'><strong>alex.</strong></span> <span class='ocrx_word' id='word_1_161' title='bbox 333 3962 391 4019; x_wconf 83' lang='lat' dir='ltr'><strong>cap.</strong></span> <span class='ocrx_word' id='word_1_162' title='bbox 417 3961 446 4000; x_wconf 80' lang='lat' dir='ltr'><strong>v.</strong></span> <span class='ocrx_word' id='word_1_163' title='bbox 468 3944 604 4003; x_wconf 71' lang='lat' dir='ltr'><strong>euenum</strong></span> <span class='ocrx_word' id='word_1_164' title='bbox 633 3942 666 3995; x_wconf 87' lang='lat' dir='ltr'><strong>de</strong></span> <span class='ocrx_word' id='word_1_165' title='bbox 691 3954 740 3997; x_wconf 72' lang='lat' dir='ltr'><strong>art.</strong></span> <span class='ocrx_word' id='word_1_166' title='bbox 766 3953 849 4001; x_wconf 82' lang='lat' dir='ltr'><strong>curat·</strong></span> <span class='ocrx_word' id='word_1_167' title='bbox 871 3939 906 3995; x_wconf 81' lang='lat' dir='ltr'><strong>ad</strong></span> <span class='ocrx_word' id='word_1_168' title='bbox 936 3941 1033 3997; x_wconf 81' lang='lat' dir='ltr'><strong>Gleuo·</strong></span> <span class='ocrx_word' id='word_1_169' title='bbox 1054 3942 1102 3999; x_wconf 82' lang='lat' dir='ltr'><strong>lib·</strong></span> <span class='ocrx_word' id='word_1_170' title='bbox 1128 3942 1165 3997; x_wconf 89' lang='lat'><strong>11.</strong></span> 
     </span>
     <span class='ocr_line' id='line_1_31' title="bbox 146 4045 261 4102; baseline -0.052 -15"><span class='ocrx_word' id='word_1_171' title='bbox 146 4050 206 4102; x_wconf 74' lang='lat' dir='ltr'><strong>cop·</strong></span> <span class='ocrx_word' id='word_1_172' title='bbox 230 4045 261 4083; x_wconf 79' lang='lat' dir='ltr'><strong>x.</strong></span> 
     </span>
    </p>
   </div>
   <div class='ocr_carea' id='block_1_9' title="bbox 922 4116 966 4182">
    <p class='ocr_par' dir='ltr' id='par_1_10' title="bbox 922 4116 966 4182">
     <span class='ocr_line' id='line_1_32' title="bbox 922 4116 966 4182; baseline 0.045 -2"><span class='ocrx_word' id='word_1_173' title='bbox 922 4116 966 4182; x_wconf 84' lang='lat'><strong>10</strong></span> 
     </span>
    </p>
   </div>
   <div class='ocr_carea' id='block_1_10' title="bbox 0 0 1410 4934">
    <p class='ocr_par' dir='ltr' id='par_1_11' title="bbox 0 0 1410 4934">
     <span class='ocr_line' id='line_1_33' title="bbox 0 0 1410 4934; baseline 0 0"><span class='ocrx_word' id='word_1_174' title='bbox 0 0 1410 4934; x_wconf 95' lang='lat' dir='ltr'><strong> </strong></span> 
     </span>
    </p>
   </div>
  </div>
 </body>
</html>
