2776 4934
419 389 510 461 SEY,
526 388 658 455 moult
675 390 704 455 l·
1002 396 1061 456 123

78 568 81 573 ’
117 562 206 626 ΧΠ.
242 566 336 631 Unde
357 564 430 629 illio
449 564 551 627 etiam
572 562 667 628 reios
685 564 889 633 adordiaem
902 566 1064 646 redactis,
1108 591 1204 638 rurs

55 676 145 761 quod
166 674 291 770 sibico
311 696 392 759 gens
412 674 595 739 studiosius
605 672 848 758 obsequeretur,
869 676 1064 741 ¹lectissimos
1078 640 1254 737 &effisos

53 807 181 873 quoque
199 799 233 849 et
252 787 387 869 segniti
401 786 532 853 talenta
550 806 638 849 accc·
657 784 782 849 uiribus
802 786 871 850 s'ur‘s
888 808 960 849 eum
973 788 1066 874 adje·
1077 751 1240 890 alge-⁶:523

52 901 171 969 risset,
191 900 306 979 pergis
320 898 367 959 od
380 900 602 981 Lycaoniam,
621 897 679 959 cui
695 917 781 958 nune
797 916 875 960 casas
893 919 998 961 recem
1013 920 1068 970 uo·
1079 921 1238 996 Italiamque

53 1028 124 1069 mers
147 1008 301 1099 Lucania
328 1006 436 1071 dedis·
468 1010 697 1091 *Igitureius
726 1008 792 1072 loci
816 1008 1069 1088 magistratibus
1078 984 1182 1062 venit(

54 1118 101 1178 ad
135 1116 316 1179 amicitiam
351 1114 510 1181 communi
542 1117 706 1207 sacrificio
722 1110 925 1205 fuderam,-
960 1130 1078 1203 transf

56 1226 166 1289 nsittit
190 1226 347 1306 protinus
376 1218 423 1288 ad
448 1230 621 1304 Siciliam,
652 1239 753 1314 etque¹
780 1230 828 1292 idi
853 1230 949 1314 siqua
961 1218 1068 1315 forte

57 1334 97 1395 ab
118 1333 273 1418 obsequio
296 1325 553 1421 refragarentur
571 1340 701 1419 oppidu
723 1318 859 1420 recepit.
914 1340 1070 1421 Exinque

55 1444 193 1507 Italiam
216 1448 402 1528 transiens,
437 1450 607 1531 legatione
627 1454 758 1529 pariter
787 1449 959 1523 ethonore
984 1448 1072 1527 poti·

54 1568 112 1617 tur
124 1558 344 1621 Romanorum
356 1554 409 1625 (¹).
437 1560 509 1619 Per
527 1560 703 1623 Aemilium
713 1558 846 1645 ‚quippe
861 1573 940 1620 tunc
960 1575 1072 1619 consu·

53 1690 1076 1721 “F-mm

104 1750 151 1823 (1)
173 1755 362 1809 Alexandrum
376 1754 552 1833 macedonem
566 1758 611 1810 rel
626 1758 656 1810 in
671 1759 782 1811 Italiam
798 1742 904 1812 venisse
920 1728 968 1811 vel
984 1757 1072 1811 omni·

62 1858 100 1893 aa
113 1839 218 1910 negotii
238 1840 343 1912 aliquid
357 1848 422 1895 dnm
437 1843 568 1896 Romanis
582 1843 696 1912 gessisse
712 1860 786 1897 merc
807 1845 898 1896 fabula
917 1855 965 1895 est.
985 1843 1073 1895 Mults

62 1939 153 1978 tamen
172 1937 252 1991 sant,
270 1942 339 1999 qsrae
352 1926 419 1981 huic
430 1928 471 1979 rei
488 1926 683 1999 confingendae
700 1946 794 1981 ansam
808 1931 999 1999 praebuerunt.
1038 1929 1073 1979 ln

58 2010 154 2081 primis
167 2009 270 2063 bellum
287 2002 384 2064 eodem
405 2024 526 2083 tempore
544 2013 642 2066 Italiae
659 2013 768 2065 illatam
791 2015 823 2065 ab
840 2013 997 2067 Alexandro
1009 2013 1073 2064 Mo-

61 2097 198 2148 lossorum
211 2113 286 2166 rege,
306 2096 354 2168 qni
369 2099 517 2149 avunculus
534 2110 590 2148 erat
605 2098 755 2151 Alexandri
770 2099 873 2168 magni,
890 2088 980 2151 'frater
994 2114 1073 2147 nem·

63 2199 97 2252 pe
110 2180 299 2251 Olympiadis·
326 2184 451 2235 Iamrero
464 2182 607 2253 scriptores
619 2196 671 2235 aut
685 2183 784 2235 remoti
804 2196 891 2236 aetate
907 2184 939 2243 ab
961 2181 1003 2233 his
1014 2198 1073 2250 ,ge-

62 2266 112 2319 stis
134 2279 181 2318 sut
197 2284 253 2319 nou
274 2265 339 2329 sotis
358 2266 460 2319 ertsditi
479 2268 627 2321 molossum
643 2266 832 2332 Alexandrum
848 2288 910 2321 cum
925 2266 1072 2319 macedone

62 2363 305 2404 commutaverunt.
330 2350 441 2409 Deinde
461 2352 541 2423 plura
560 2352 632 2423 apud
646 2367 750 2405 veteres
775 2354 859 2406 etiam
881 2365 1003 2405 auctores
1023 2369 1073 2403 re-

62 2436 145 2506 stigio
160 2448 253 2501 erant,
282 2454 316 2490 ex
332 2436 429 2508 quibus
446 2436 502 2489 non
519 2450 623 2493 temere
644 2439 775 2507 suspicari
793 2439 907 2501 liceret,
935 2440 1073 2491 Romanos

65 2539 175 2594 quoque
199 2520 234 2573 ad
252 2538 295 2573 res
310 2520 472 2573 Alexandri·
485 2534 572 2589 gestas
589 2521 762 2591 pertinuisse.
792 2522 943 2573 Clitarchus
963 2520 1075 2591 quidem

62 2605 185 2677 aequalis
200 2603 366 2669 Alexandri,
378 2648 380 2653 ,
394 2604 559 2675 legationem
573 2605 620 2658 -ad
640 2604 712 2658 hunc
730 2607 915 2659 Romanorum
939 2605 1038 2657 dicitur
1059 2621 1074 2657 a

64 2691 156 2745 Plinio
172 2687 385 2759 (111.sect.9.)
406 2690 568 2743 armavisse-
605 2692 737 2756 Memnon
754 2690 898 2743 historicus
915 2689 987 2760 apud
1000 2690 1076 2743 Pho·

64 2778 136 2829 tium
154 2772 519 2845 (cod-00111V·p.726.)
541 2774 658 2826 minaces
678 2773 784 2827 litteras
803 2786 936 2827 mentorat
953 2775 1075 2837 Alouan-

66 2861 112 2914 dri
125 2861 160 2913 ad
175 2861 313 2913 Romanos
325 2852 408 2930 quum
420 2857 451 2911 in
465 2858 561 2913 Asiam
574 2869 643 2910 esset
659 2858 824 2911 traiecturus.
862 2860 958 2913 Strabo
974 2856 1035 2928 (lib
1044 2873 1087 2911 v.·

64 2966 93 3019 p.
113 2944 187 3013 252.)
201 2945 454 3016 ¹expostulationem
471 2942 623 2997 Alexandri
646 2960 707 2997 oum
722 2944 853 2997 Romanis
872 2944 973 3008 refert,
1002 2942 1075 3016 quod

67 3034 97 3085 hi
111 3032 197 3095 iuneti
210 3029 349 3088 Hetruscis
362 3026 504 3100 piraticam
524 3040 694 3107 exercerent.¹
721 3022 880 3083 Plutirohus
903 3026 958 3097 (dc
966 3023 1075 3098 fortun.

67 3117 188 3171 Ilouran.
210 3115 260 3168 sul)
282 3113 386 3185 finem)
406 3104 596 3169 imminentem
613 3112 744 3168 Romanis
764 3113 951 3180 Alexandrum
971 3113 1077 3184 pingit,

66 3203 122 3256 nisi
145 3214 235 3254 morte
256 3201 402 3253 immatura
421 3213 605 3270 occuparetur.
642 3198 831 3253 Alexandrum
854 3199 1016 3271 cogitavisse
1042 3197 1077 3249 de

68 3289 191 3342 adeunda
207 3285 300 3341 Sicilia
317 3298 344 3338 et
357 3286 391 3337 de
401 3284 532 3339 Romanis
548 3284 661 3355 imperio
679 3302 726 3338 suo
742 3285 902 3338 adiiciendis
912 3284 998 3337 'siunt
1014 3281 1078 3355 qui-

69 3375 132 3425 dam
148 3373 232 3425 etiam
246 3370 319 3443 apud
335 3371 483 3425 mannum
503 3378 602 3424 vs101.
630 3370 739 3423 Curtius
758 3369 811 3439 (x.
828 3369 876 3440 1.)
900 3369 1087 3422 deliberatum·

71 3457 227 3511 Alexandro
247 3457 278 3511 in
293 3456 403 3511 Italiam
418 3456 472 3508 iter
484 3454 585 3508 scribit.
616 3453 690 3526 Quin
709 3468 735 3508 et
755 3455 850 3509 Livius
869 3447 940 3507 lianc
955 3455 1079 3525 qualem·

72 3559 187 3613 cumque
204 3542 360 3612 opinionem
380 3560 436 3594 uon
450 3541 590 3610 ignorasse
604 3539 725 3606 ridetur,
747 3540 906 3611 praesertim
927 3539 951 3591 si
969 3540 1017 3593 tib.
1032 3552 1077 3592 tx·

73 3643 132 3696 cap.
149 3633 191 3679 16.
211 3627 357 3698 legendam
376 3639 435 3691 eet,
457 3639 488 3677 ut
504 3625 630 3679 nonnulli
651 3638 811 3680 autumant:
836 3625 907 3706 Quin
921 3643 981 3676 eum
1004 3623 1080 3693 (Pa-

72 3712 175 3782 pirium
190 3710 354 3782 Cursorem)
375 3730 470 3784 parem
493 3710 661 3763 destinarant
684 3712 780 3762 cuiatis
798 3727 897 3783 magno
912 3705 1079 3775 Alexandro

72 3797 186 3860 ducem,
206 3799 231 3847 ri
243 3816 337 3865 arma,
359 3799 429 3850 Asia
443 3796 617 3869 perdomita,-
642 3797 671 3847 in
687 3794 825 3867 Europam
841 3795 981 3849 vertisset:
1004 3812 1079 3847 eam·

34 3919 37 3925 .
71 3899 126 3954 quc
143 3880 286 3935 lectionem
297 3881 458 3936 confirmare
468 3881 575 3935 ridetur
584 3880 752 3935 eodexLirii
762 3881 947 3936 ambrosianus
960 3873 1011 3953 (D.
1020 3884 1079 3933 542.

68 3981 141 4039 part.
159 3959 226 4040 inf.)
245 3965 274 4019 in
288 3983 342 4046 ouo
353 3967 453 4039 legitur
467 3965 637 4020 destinatum.
675 3966 728 4021 Sed
749 3966 822 4021 enim
838 3983 902 4022 rere
920 3965 1003 4019 lectio
1021 3981 1082 4026 ere-
1179 3994 1181 3999 ·
