2776 4934
57 468 69 483 ..
135 503 139 509 .
182 452 201 492 x
598 430 774 487 untionis
807 466 815 483 ,

183 594 244 655 dus
267 596 460 680 processerit
475 594 531 654 (¹).
572 592 653 676 Quis
680 614 755 691 ergo
782 587 1015 666 Alexandrum,
1056 591 1108 648 cni
1136 607 1205 647 non

184 683 326 765 Epirus,
351 680 406 740 sed
425 680 554 740 Graecia
570 680 694 754 omnis,
719 700 814 738 immo
835 678 939 738 oriens
957 677 1128 736 universus
1151 688 1203 733 at-

183 789 248 851 que
276 767 443 854 Aegyptus
471 764 669 840 militabant,
702 760 864 849 Capitolio
887 759 1082 823 avertisset?
1115 759 1205 818 Nam

184 875 255 913 cum
271 854 374 913 omnis
391 850 468 910 belli
482 848 620 910 felicitas
639 865 688 910 est
705 866 817 910 natura
836 848 974 908 insolens
994 860 1028 905 et
1047 843 1205 929 superba,

184 940 260 1022 quis
284 936 497 998 Alexandrum
522 950 572 995 tot
599 938 806 1011 victoriarum
832 931 1000 995 ferocitate
1025 929 1205 990 inflamma·

183 1038 254 1083 tum
265 1023 413 1083 inhibere
425 1021 611 1106 potuisset?
630 1020 820 1082 Praesertim
830 1036 932 1104 'quum
949 1017 1010 1076 etti
1027 1015 1081 1075 ille
1097 1014 1204 1076 abun·

134 1129 138 1137 ·
183 1107 275 1169 daret
292 1107 440 1182 audacia,
463 1123 654 1167 nontamen
674 1107 809 1168 consilio
830 1105 960 1167 interim
978 1122 1036 1160 nec
1059 1099 1204 1185 pruden-

182 1195 230 1253 tia
263 1192 543 1349 deficeretur*
558 1215 661 1277 eoque
684 1192 785 1256 fuerit
810 1192 928 1251 eximia
944 1187 1087 1248 ‘scientia
1108 1185 1204 1260 belli,

170 1278 354 1347 ,clarissima
373 1293 464 1339 aucto
554 1323 564 1354 ,
587 1278 746 1342 divinitus
765 1277 912 1338 adiuncta
933 1272 1074 1336 fortuna.
1097 1272 1201 1332 Porro

183 1377 216 1421 et
236 1366 358 1424 romani
384 1366 611 1448 imperatores,
642 1365 737 1452 longe
774 1379 810 1422 ut
835 1363 860 1421 ii
886 1361 966 1420 mihi
993 1355 1123 1441 quidem
1143 1357 1202 1418 ‘vi-

181 1446 312 1534 dentur)
339 1450 376 1509 ah
405 1449 579 1510 Alexandri
600 1450 796 1511 celebritate¹
813 1445 969 1507 disiuncti
994 1458 1087 1519 sunt,
1118 1462 1202 1526 quo-

181 1555 252 1594 rum
276 1537 303 1594 si
328 1536 378 1597 vel
399 1537 542 1597 omnium
561 1538 700 1597 virtutes
719 1535 906 1624 gloriasque¹
922 1530 1070 1617 colligas,
1101 1527 1201 1588 iidem

180 1633 286 1680 tamen
310 1619 485 1681 Alexandri
511 1619 623 1682 faunam
650 1642 826 1705 exaequare
855 1620 912 1681 vix
942 1631 1071 1702 queant.
1122 1613 1200 1697 Ipse

179 1701 316 1782 Cdesar,
340 1729 434 1789 quem
461 1730 559 1766 unum
586 1708 767 1769 Alexandro
786 1706 893 1791 possis
918 1722 1101 1788 opponere,
1124 1700 1200 1782 qui·

178 1808 244 1873 que
273 1793 343 1848 eius
374 1794 527 1872 exemplis
546 1795 718 1872 plurimum
740 1810 909 1850 succensus
929 1800 979 1846 et't
992 1786 1051 1859 (ί),
1076 1799 1198 1865 quanto

178 1874 347 1940 intervallo
375 1873 415 1931 ab
443 1892 480 1932 eo
512 1873 640 1934 differt!
674 1876 804 1958 Quippe
837 1892 999 1933 romanum
1028 1870 1198 1952 imperium

180 1954 295 2025 Caesar
314 1977 380 2014 non
404 1971 469 2015 tam
495 1959 587 2016 auxit
613 1980 706 2041 quam
730 1973 797 2017 arte
821 1972 853 2016 et
873 1956 963 2017 civili
984 1954 1069 2016 bello
1086 1955 1122 2011 in
1144 1955 1197 2014 sui

182 2038 337 2100 ditionem
350 2039 494 2129 redegit3
517 2042 697 2103 Alexander
713 2041 949 2103 eMaoedoniae
967 2040 1082 2140 angulo
1098 2062 1198 2099 emer·

185 2145 260 2211 geas
281 2126 370 2185 orbis
397 2148 498 2211 prope
523 2130 687 2204 universi,
716 2130 827 2212 paucis
854 2127 917 2186 etsi
936 2128 1081 2186 maximis
1102 2146 1198 2210 proe-

184 2210 257 2286 liis,
279 2227 480 2298 regnatorem
507 2236 540 2273 se
557 2210 651 2275 fecit:
681 2229 868 2296 tantumque
884 2214 1055 2296 imperium
1073 2212 1196 2272 consti-

184 2295 263 2370 tuit,
294 2312 331 2355 ut
356 2320 395 2357 ex
415 2299 484 2358 eius
504 2299 653 2385 deinceps
676 2321 710 2359 se
734 2301 849 2358 mentis
866 2299 1011 2383 plurima
1023 2313 1056 2358 et
1073 2297 1196 2358 latissi-

184 2400 235 2438 ma
255 2402 346 2469 regna
371 2399 544 2472 propagata
571 2387 649 2448 sint.
698 2322 815 2468 lieque
832 2382 1011 2445 Alexander
1029 2405 1062 2442 re
1082 2382 1197 2442 bellica

186 2462 299 2541 solun,
323 2468 378 2527 sed
402 2471 491 2531 vario
517 2472 651 2530 virtutis
674 2493 789 2559 genere
813 2470 936 2530 floruit.
974 2470 1099 2552 Quanta
1118 2489 1195 2528 con·

185 2550 317 2610 tinentia
335 2556 363 2612 is
384 2552 467 2615 fuit!
491 2558 610 2639 quanta
630 2556 713 2619 fide!
739 2572 857 2640 quanta
880 2557 915 2615 in
931 2557 1038 2616 Deum
1063 2554 1197 2642 religio·

185 2634 246 2693 ne!
270 2634 401 2701 Murem
420 2642 542 2725 pietate
569 2663 688 2703 summa
709 2640 842 2718 dilexit,
866 2641 1025 2726 donisque
1044 2639 1192 2700 maximis

186 2720 372 2815 honoravit,
395 2727 529 2810 eiusque
546 2750 661 2788 nomen
680 2729 804 2789 cunctis
824 2727 971 2813 epistolis
995 2744 1192 2811 praeponere

188 2805 303 2865 solitus
324 2801 397 2871 hit:
439 2812 545 2872 eidem
571 2814 711 2956 denirpue
740 2815 932 2897 apotheosin
954 2828 986 2873 et
1015 2826 1133 2870 statuas
1160 2822 1194 2868 et

137 2914 144 2926 ·
186 2890 304 2975 templa
322 2899 497 2976 gratissimo
523 2900 628 2957 animo
675 2900 880 2958 estinaverat.
911 2898 1039 2955 Amicos
1058 2910 1090 2952 et
1107 2893 1194 2954 divi-

186 2977 245 3033 tiis
275 2977 378 3035 viven·¹
405 2983 534 3056 obruit,
565 2996 597 3040 et
613 2982 899 3065 pulcherrimorum
917 2999 1088 3065 regnorum
1113 2973 1192 3034 fecit

185 3062 328 3119 moriens
344 3059 478 3126 hemlee.
504 3065 600 3147 Quod
619 3067 646 3123 si
667 3063 827 3124 interdum
843 3062 992 3147 permisit
1007 3058 1190 3120 iracundiae

187 3143 384 3204 dominatum
396 3151 513 3210 mentis
541 3171 636 3224 suae,
673 3148 738 3210 fuir
764 3164 868 3208 tamen
893 3148 1079 3233 plerumque
1111 3145 1191 3203 mira

185 3230 322 3289 mollitia
349 3231 433 3296 enini
471 3255 506 3294 ac
532 3234 675 3294 lenitate.
730 3226 853 3294 'santus
889 3244 987 3319 porr‘o
1015 3233 1189 3316 imperator

186 3330 305 3396 quanta
336 3315 421 3380 oriar
447 3319 590 3379 doctrina
614 3316 809 3379 abundavit!
845 3319 877 3378 Is
903 3319 1091 3379 videlicete
1114 3317 1190 3375 sinu

186 3400 377 3459 Aristotelis
394 3414 544 3489 ttrrquaun
564 3407 718 3492 egremio
736 3404 904 3467 Miner'vae
921 3403 1103 3491 prodierat:
1119 3416 1189 3461 tum

186 3499 220 3542 et
242 3500 407 3567 parentem
423 3493 588 3577 ‘apientiae
605 3491 708 3549 omnis
725 3490 899 3551 Homerum
916 3492 1056 3552 lectione
1077 3489 1188 3572 quoti-

184 3567 279 3628 diana
296 3567 471 3636 familiartn
490 3575 641 3639 hahebat.
673 3576 735 3636 His
753 3580 924 3660 tantisque
947 3574 1111 3662 praeditus
1132 3573 1190 3634 do·

184 3652 275 3714 tibu⁸
296 3653 474 3715 Alexander
486 3676 555 3723 tum
571 3661 719 3724 divinum
735 3684 846 3751 gerere
862 3664 1015 3747 spiritum
1030 3664 1065 3720 in
1085 3660 1188 3720 homi·

187 3817 1192 3847 *w

225 3913 271 3984 (1)
293 3916 367 3970 Livii
385 3918 512 3988 Epitome
520 3925 583 3982 libri
600 3942 666 3983 1111.

225 4001 279 4071 (2)‘
295 4003 437 4073 ¹811210111113
457 4004 487 4056 ln
509 4002 606 4068 Curare
618 4031 676 4083 cap.
694 4028 748 4067 vn.
