2776 4934
292 465 364 511 „.
396 486 399 491 ,
435 371 789 489 εΕνιιΒΕΜιι.ᾗ
888 445 891 452 ·
1027 420 1088 482 aas

65 615 130 665 rex
154 589 368 692 diligentius
396 606 603 684 quaereret,
642 589 732 660 haec
765 587 888 662 addit:
931 597 961 663 Ο
996 589 1085 686 quid

66 719 183 801 enim,
210 716 355 810 inquit,
383 739 407 786 o
423 708 480 789 v'ir
493 739 655 796 summe,
683 713 858 806 quicquid
877 737 922 785 ex
933 717 1085 788 homine

65 841 188 917 foetus
214 841 278 911 hic
303 837 428 924 habet,
462 838 572 911 adte
596 837 775 933 pertincte
804 837 903 933 quod
928 864 1015 913 vcro
1030 860 1085 914 est

62 965 188 1039 subter
204 965 244 1016 (θ’)
269 981 380 1059 atque
404 944 570 1048 beluilee
590 966 814 1059 quicumque
848 961 917 1034 tibi
943 961 1085 1035 subditi

61 1110 152 1164 sunt
177 1108 215 1162 et
238 1069 407 1161 subiecti.
442 1064 616 1186 sugitur
642 1113 682 1160 ea
709 1114 791 1184 pars
810 1112 901 1182 quac
927 1112 1092 1185 superna

60 1236 117 1291 est
144 1218 284 1289 viveret
307 1216 602 1296 amoveretur,
630 1215 737 1286 sicuti
763 1216 872 1300 hacc,
909 1239 1002 1308 quac
1027 1215 1094 1305 in·¹

60 1341 116 1417 fra
143 1357 249 1428 sunt,
277 1338 441 1422 faciunt,
477 1357 518 1411 tu
549 1364 635 1414 sane
668 1339 852 1414 obtineres
888 1362 930 1408 ac
965 1338 1083 1410 domi·

61 1492 188 1540 uasere
213 1481 445 1538 cunctorum.
487 1463 556 1536 Sed
588 1465 764 1559 quoniam
802 1488 902 1535 secus
938 1482 1008 1549 est,
1040 1465 1081 1535 in

61 1592 286 1667 contrarium
312 1589 616 1688 intelligendum:
644 1589 716 1660 nisi
743 1588 845 1684 quod
879 1589 908 1659 ii
934 1614 1082 1686 quoque
1140 1598 1143 1603 ·
1225 1576 1249 1625 '-

60 1718 134 1815 ipsi
159 1713 390 1792 dissidebunt
424 1739 544 1808 neque
580 1732 793 1813 congruent.
837 1714 946 1787 Vides
981 1717 1082 1787 enim
1183 1794 1185 1798 ¹

60 1840 221 1938 dispares
246 1841 386 1913 formas
412 1863 531 1933 neque
556 1839 654 1911 inter
680 1824 896 1921 scandens,
924 1862 1082 1941 acpror-

31 1942 119 2041 ¹eus
142 1966 282 2038 beluile
316 1965 526 2039 saevientes.
568 1954 687 2058 Atque
719 1965 758 2035 hi
793 1963 945 2058 quidem
983 1965 1081 2035 inter

56 2118 96 2165 se
123 2114 251 2163 omnes
284 2108 322 2161 te
355 2107 553 2185 appetente
588 2087 802 2160 dissentient
837 2087 1082 2159 dimicabunt·

59 2240 142 2312 quc.
176 2217 244 2287 His
271 2215 376 2288 dictis
402 2217 580 2310 interpres
608 2216 701 2286 ierat
722 2239 913 2286 aversurus
940 2215 1081 2286 scilicet

33 2414 36 2421 ,
59 2340 165 2435 siqua
190 2358 313 2432 posset
338 2357 376 2409 et
400 2357 591 2416 exusturus
617 2340 824 2437 religiosius
850 2340 1081 2431 portentilil·

53 2464 129 2532 lius
154 2461 271 2528 minas
284 2459 333 2527 (¹³.
374 2457 578 2528 Alexander
602 2484 690 2540 vero
716 2461 843 2536 animo
871 2477 1079 2531 consterna·

88 2683 141 2743 Ι(οι)
160 2688 222 2737 Coti.
240 2700 325 2746 super.

55 2797 1075 2825 mm

102 2880 148 2953 (1)
171 2879 253 2953 Quod
269 2879 374 2937 adtinet
388 2882 422 2936 ad
443 2884 496 2935 hoc
505 2884 651 2937 monstrosi
661 2885 751 2942 foetus
766 2884 924 2957 prodigium
941 2888 1079 2941 eiusdem-

23 3036 28 3053 ·
57 2987 110 3043 que
127 2966 352 3038 explicationem,
367 2967 531 3024 conferenda
547 2967 654 3023 ridetur
671 2972 786 3027 Senecae
806 2973 931 3029 Suasoris
944 2988 990 3033 Π.
1000 2972 1077 3029 cuius

57 3063 248 3127 argumentum
265 3065 324 3105 cst:
348 3053 491 3112 Deliberat
507 3049 669 3108 Alexander
686 3054 745 3113 ’Μ’
762 3076 798 3112 an
822 3055 1010 3130 Babyloniam
1037 3059 1079 3110 in-

57 3152 132 3204 tret,
154 3156 212 3189 cum
220 3136 406 3194 denunciatum
418 3152 488 3193 esset
503 3135 548 3192 illi
556 3133 683 3210 responso
695 3143 807 3214 auguris
819 3141 976 3215 periculum.
990 3145 1075 3197 Porro

58 3224 108 3278 sub
129 3222 213 3276 finem
238 3222 294 3276 cius
321 3226 461 3278 Suasoriae
478 3226 545 3277 haec
564 3225 711 3295 leguntur:
746 3225 949 3285 Declamitabat
977 3228 1077 3281 Fuscus

58 3307 202 3363 Aurallius
219 3313 427 3373 controversiam
450 3309 484 3363 de
503 3307 554 3362 illa
580 3310 657 3383 quae*
669 3325 766 3385 postea
789 3331 868 3388 quam
890 3327 931 3366 ter
956 3315 1074 3366 mortuas

57 3406 223 3468 pepererat,
242 3395 389 3448 somniasse
405 3415 435 3449 se
452 3396 564 3450 dissicet
578 3397 608 3447 in
632 3392 692 3452 luco
714 3411 833 3470 pareret.
872 3396 964 3453 Valde
984 3400 1011 3448 in
1026 3413 1076 3450 ces

56 3476 266 3535 contumeliosus
276 3474 382 3549 fuero,
405 3483 429 3534 si
446 3494 531 3552 totam
548 3483 756 3543 controversiam
777 3499 855 3555 quam
879 3501 931 3556 ego
950 3480 1076 3554 intelligo

10 3574 13 3603 ³
55 3583 101 3622 ere
119 3563 227 3630 dicere,
249 3563 349 3618 Fuscus
366 3565 551 3634 declamaret,
573 3578 601 3618 et
616 3579 726 3637 aparte,
755 3580 803 3619 aut
828 3584 881 3622 non
905 3567 1075 3641 agnoscentis

53 3667 187 3725 puerum,
210 3661 341 3704 tractaret
355 3649 443 3704 locum
465 3664 559 3705 contra
581 3653 703 3717 somnia,
732 3663 760 3704 et
787 3649 905 3706 Deorum
927 3652 1074 3725 providen-

54 3736 146 3801 tiam,
170 3746 197 3786 et
217 3732 288 3792 male
303 3735 336 3788 de
355 3737 538 3808 magnitudine
555 3735 674 3802 Deorum
690 3734 806 3791 dixisset
823 3739 920 3790 mereri
942 3757 1011 3809 euos,
1029 3737 1074 3811 qui

55 3818 126 3879 illos
148 3819 220 3871 circa
235 3837 382 3891 puerperas
397 3823 522 3875 nritteret.
550 3820 643 3891 Atque
657 3821 728 3874 hunc
749 3821 859 3892 quidem
873 3823 965 3877 lecum
988 3821 1074 3893 Faber

57 3917 91 3963 et
105 3904 231 3960 Petreius
246 3905 276 3957 iu
294 3906 364 3958 notis
384 3906 419 3960 ad
434 3907 564 3962 Senecam
580 3905 674 3959 dicunt
698 3907 844 3970 mutilum
867 3920 987 3963 ceterum
1003 3905 1074 3959 utri-

53 4007 114 4066 que
130 3988 238 4042 ridetur
254 3992 354 4043 Fuscus
374 3990 563 4049 declamarisse
578 4003 672 4047 sauna
686 4008 784 4049 ranam
804 3997 1010 4065 puerperiorum
1025 3992 1074 4045 ol>-
