2776 4934
129 429 171 488 eo
488 402 785 492 torruerunt

207 601 289 670 LX,
308 597 442 700 Fitque¹
470 622 590 697 pugna
625 598 799 671 acerrima
831 596 1041 670 iactetuum
1076 614 1149 669 ere·

130 721 278 831 britate.¹
319 725 464 820 Quippe
485 723 683 795 Pannoniis
698 720 737 771 ‘¹'
764 722 929 794 alacritas
952 698 1017 792 ests
1031 719 1149 791 amica

130 874 235 920 more
258 850 377 947 gentis
403 846 504 934 suae,
531 847 591 920 vel
616 845 859 921 obtinendum
875 846 913 899 (θ)
940 843 1149 941 expeditius

130 970 416 1068 proeliantibus,
442 973 558 1073 quod,
582 989 725 1067 praeter
750 975 844 1044 scuti
865 996 973 1044 usum
997 969 1151 1055 loricae,
1182 1016 1184 1021 ·

131 1117 174 1169 ut
187 1100 327 1182 oneris,
353 1100 566 1200 neglegunt:
594 1114 720 1169 contra
739 1099 854 1182 hosti,
882 1096 1054 1193 quamvis
1074 1119 1152 1195 gru·

132 1222 204 1305 vis,
240 1222 514 1320 inpenetrabilis
550 1242 673 1295 tamen
699 1250 740 1295 ao
765 1223 850 1295 satis
877 1220 983 1293 firma
1009 1244 1148 1317 corpus

133 1356 244 1419 omn‘e
274 1350 435 1422 munitio
469 1348 672 1432 clauderet,
712 1366 749 1420 et
782 1366 956 1420 tueretur.
1008 1352 1150 1418 Verum

132 1474 184 1545 sic
210 1500 356 1570 quoque
381 1476 478 1546 inter
502 1500 563 1547 eos
579 1473 638 1558 (ὅ),
665 1474 863 1546 Pannoniis
888 1496 986 1543 nuno
1010 1470 1164 1569 impetu⁸

133 1598 402 1691 retrudentibus
433 1619 499 1673 aut
529 1597 799 1673 concitantibus
811 1595 851 1649 (α)
876 1598 1014 1695 diuque
1051 1616 1149 1671 aestu

56 1792 61 1798 .
132 1724 266 1796 martio
293 1722 552 1824 fatigantibus,
587 1725 733 1798 inmitti
757 1747 882 1797 currus
907 1722 1116 1825 iubentur.¹

17 1899 120 1952 Currus
207 1852 299 1916 LXI.
326 1855 450 1940 anue
475 1875 531 1920 res
561 1867 598 1920 et
621 1848 742 1919 fraudi
766 1849 882 1919 Persis
899 1844 987 1948 fuit
1014 1867 1055 1922 et
1078 1850 1147 1947 spi·

8 1982 55 2036 eri.
132 1986 299 2040 ramento
315 1962 360 2041 (ὅ).
403 1973 546 2068 Quippe
562 1975 744 2045 curulium
760 1973 932 2054 falcium,
960 1970 1146 2047 disceden-

130 2092 231 2165 tibus
263 2093 319 2164 his
354 2095 420 2188 qui
445 2096 690 2170 imminebant
715 2100 858 2198 Scythis
873 2096 930 2181 (P,
972 2102 1143 2176 Macedo·

132 2243 191 2290 nes
205 2213 245 2266 ‘⁶'
270 2214 478 2312 praedocti,
504 2243 617 2314 pones
639 2220 706 2296 ubi
724 2222 870 2294 inruere
887 2222 922 2272 (θ)
948 2246 1075 2298 cursus
1093 2226 1142 2297 ie·

130 2359 299 2425 tuentur,
325 2343 460 2414 sensim
478 2344 517 2414 in
537 2346 651 2419 latera
671 2348 818 2420 demissi
833 2345 874 2397 (d)
901 2345 1050 2421 aditum
1068 2348 1139 2447 qui·

132 2465 215 2536 dem
242 2467 447 2540 transituris
478 2468 633 2561 dabant,
666 2474 852 2567 utrimque
876 2489 998 2543 tamen
1029 2500 1135 2571 equos

130 2591 230 2691 bigas
248 2593 523 2693 aurigantesque
542 2596 651 2670 facile
669 2596 903 2671 confixerant.
943 2598 1062 2695 quue
1085 2598 1135 2673 ad·

155 2843 204 2896 (a)
232 2843 297 2888 cod.
314 2842 511 2891 concinentibus.
544 2843 579 2899 (b)
597 2848 756 2897 triumuiro
774 2847 865 2896 codex·
892 2849 926 2901 (c)
944 2845 1009 2891 cod.
1033 2849 1133 2901 inserere.

129 2919 171 2973 (d)
189 2919 252 2967 cot.
270 2934 319 2977 pro
336 2921 442 2967 demissi
457 2921 535 2966 nabet
551 2922 668 2970 denisetr'.

174 3130 219 3200 (1)
240 3119 286 3182 Ita
304 3130 363 3183 eod.
383 3129 530 3182 Pannoniis
546 3127 607 3179 heio
626 3141 652 3179 et
669 3127 790 3191 inferius.
814 3130 867 3186 Sed
889 3127 998 3180 omnino
1017 3131 1138 3189 seriben-

130 3215 195 3268 dum
207 3214 314 3266 uidetur
330 3211 490 3266 Paeonibus.
530 3212 651 3265 Paeones
668 3213 741 3264 enim
757 3231 812 3267 non
827 3213 959 3268 Pannonii
973 3214 1082 3286 equites
1097 3238 1137 3275 se·

129 3301 279 3375 quebentur
297 3298 489 3354 Alexandrum.
529 3298 629 3351 Confer
645 3297 791 3352 Attianum
808 3303 862 3354 ΙΙΙ.
882 3309 923 3354 13.

173 3384 217 3456 (t)
241 3387 281 3439 lta
300 3385 409 3438 omnino
425 3381 520 3435 codex.
550 3384 622 3454 Eget
637 3396 727 3436 antem
740 3385 822 3447 ¹loeus
835 3387 939 3440 medica
955 3402 1048 3438 manu.
1083 3388 1137 3445 At«

128 3469 218 3523 ritanus
235 3470 344 3545 quidem
361 3472 412 3524 ΙΙΙ.
430 3469 682 3522 tennemonn
704 3469 738 3522 ad
755 3483 861 3541 ternpus
877 3471 1050 3543 praevaluisse
1069 3472 1134 3544 sepi

127 3557 204 3622 thas,
227 3558 298 3633 quod
315 3557 345 3609 hl
359 3572 505 3626 eorumque
522 3555 585 3627 equi
602 3555 746 3608 tutioribus
763 3557 843 3610 armis
857 3568 1073 3630 protegerentur.

170 3639 213 3711 (t)
238 3643 364 3716 Sequitur
383 3642 413 3695 in
433 3640 526 3694 codice
545 3643 661 3712 spatium
679 3641 759 3695 unius
778 3643 914 3697 vocabuli.

169 3725 214 3797 (4)
237 3729 303 3781 Cod.
324 3727 454 3802 Scythae.
477 3729 599 3780 Iumrero
619 3728 743 3796 Scythes,
760 3746 827 3801 quos
851 3741 913 3782 ente
938 3727 1008 3780 dixit
1030 3725 1133 3783 Ruotot
1182 3731 1184 3781 l

125 3809 271 3895 Pannoniis
298 3807 369 3889 (sen
385 3811 548 3883 Paeonibus)
568 3812 714 3879 institisse,
737 3825 799 3867 tuno
816 3816 928 3889 peulum
948 3811 1130 3879 renitetur,

125 3911 157 3952 ut
173 3917 262 3951 ereeur
280 3899 400 3953 curribus
419 3898 597 3952 imtnitteudis
615 3900 806 3973 relinquerent.

167 3982 213 4059 (6)
234 3984 305 4052 vel,
326 3986 350 4040 ti
373 3986 476 4052 mm,
498 3983 640 4041 Pannonii.
