2776 4934
342 473 400 534 180
629 470 896 533 Araxanmu
916 458 1055 555 acrvs

336 666 427 737 pore
464 665 586 713 annuo
615 665 726 712 sacro
763 660 910 742 tegmen
948 644 1104 714 Nurnini
1139 642 1361 739 parabatur.

337 768 550 841 Coniectura
576 764 813 836 vaticinandi·
834 767 1014 839 sacerdoti
1039 769 1228 841 eiusmodi
1265 770 1360 853 fuit,

331 892 494 963 multum
519 890 563 960 ad
588 890 743 988 gloriam
775 910 958 990 gestarum
992 919 1114 964 rerum
1149 912 1187 965 et
1229 920 1359 994 geren·

334 1017 463 1121 dprum
490 1016 612 1088 eidem
635 1015 838 1119 Alexandro
865 1018 1060 1113 auspicari,
1087 1016 1187 1112 quod
1217 1020 1292 1091 illo
1318 1021 1356 1090 in

332 1162 499 1237 tempore
518 1140 610 1214 sacri
634 1136 915 1242 supervenisset:
943 1120 1054 1237 idque
1074 1167 1305 1237 responsum
1319 1161 1355 1215 et

332 1268 376 1339 ed
402 1293 504 1363 spem
530 1285 572 1365 et,
589 1266 762 1367 gaudium
787 1268 846 1336 illi
870 1265 960 1339 fuit:
989 1265 1276 1365 liberaliterque
1300 1293 1352 1341 tto·

331 1412 475 1488 ceptam
502 1410 621 1461 vatem
646 1416 667 1462 a
693 1418 731 1463 se
757 1390 925 1469 dimittit.

342 1552 351 1609 j
404 1524 450 1589 11.
483 1518 593 1589 Enim
618 1534 655 1588 et
679 1517 779 1595 aliud
804 1517 1060 1589 testimonium
1085 1520 1165 1591 vati
1184 1520 1239 1593 ad
1263 1522 1339 1594 ven'·

330 1644 527 1715 (licentiam
543 1641 640 1714 forte
649 1644 722 1713 tale
737 1659 966 1738 provenerat.
981 1648 1199 1743 Stesagorae
1215 1649 1335 1745 quippe

328 1769 557 1867 magistratui
588 1767 814 1857 Platensium
831 1767 869 1817 Ψ)
894 1785 1019 1862 postea
1051 1769 1227 1869 ingresso
1260 1790 1337 1844 tem·

327 1897 437 1989 plum
461 1896 658 1988 locumque
684 1880 769 1977 eum
794 1893 834 1963 in
861 1917 932 1986 quo
958 1891 1057 1963 idern
1090 1910 1247 1993 tegmen
1270 1892 1337 1967 Nu·

326 2018 421 2111 mini
446 2033 649 2102 texeretur,
672 2042 758 2089 cum
785 2017 817 2087 ei
850 2019 1089 2117 perexiguum
1120 1990 1333 2115 superesset,

325 2140 518 2212 adversum
544 2166 584 2211 ea
610 2160 707 2211 vates
734 2164 827 2235 quae
844 2140 1001 2211 secunda
1016 2145 1233 2221 Alexandro
1245 2168 1333 2243 prae·

324 2267 479 2369 cinerat,
506 2264 564 2333 illi
585 2262 790 2360 respondit,
818 2290 976 2361 eumque
996 2263 1102 2367 ait'ffl
1127 2274 1332 2375 magistratu

295 2408 390 2463 ‘suo
421 2390 589 2485 protinus
631 2386 898 2484 deponendum.
942 2375 1071 2489 ¹Quod¹
1106 2422 1201 2475 cum
1231 2398 1328 2473 inele-

321 2517 481 2589 mentius
505 2517 563 2588 vir
589 2514 774 2610 ceteroqui
798 2516 964 2589 melioris
998 2522 1261 2599 conscientiae
1281 2548 1327 2595 tc·

306 2642 491 2737 cepisset,
530 2640 570 2711 in
603 2643 697 2712 iram
734 2644 1120 2741 commotionemque.
1140 2670 1324 2723 conversus

318 2765 507 2864 increpare
532 2785 654 2872 vatem
679 2765 943 2840 fauidicentiee
978 2788 1166 2866 coeperat.
1202 2780 1325 2847 Verum

231 2960 234 2971 ,
317 2890 365 2963 ad
397 2894 487 2965 haec
518 2890 702 2965 sacerdosz
743 2897 801 2963 Ne
840 2918 943 2977 sane,
978 2897 1118 2991 inquit,
1165 2924 1326 2975 movens

316 3015 374 3088 his
400 3017 529 3101 dictis,
556 3044 579 3089 o
605 3018 680 3086 vir:
706 3040 792 3085 narn
817 3036 947 3089 cuncta
977 3020 1048 3090 ista
1073 3044 1251 3121 quaeque
1272 3026 1323 3099 lto·

315 3141 478 3215 minibus
503 3140 681 3213 divinitus
702 3162 1003 3236 praenoscuntur,
1030 3144 1166 3247 colligi
1192 3152 1323 3225 coniec-

225 3269 228 3277 '
314 3271 408 3341 turis
434 3266 731 3369 argumentisque
754 3270 946 3361 praenosci
969 3271 1050 3341 Diis
1076 3272 1195 3349 sedet.
1305 3336 1312 3347 ,

146 3412 302 3486 Argumen-

136 3510 165 3552 ta
181 3499 215 3552 ed
229 3503 296 3554 veti·

135 3585 289 3641 cinaudum.

388 3402 450 3468 111.
501 3392 635 3488 Accipe
687 3390 844 3486 denique
892 3414 1202 3494 argumentorum
1250 3404 1322 3479 viat.

311 3522 457 3619 Quippe
481 3540 522 3593 ut
546 3519 641 3591 illud
665 3519 830 3589 melioris
854 3521 935 3614 spei
957 3520 1171 3601 Alexandro
1197 3526 1322 3605 dioere·

308 3661 386 3729 tur,
421 3648 462 3716 id
505 3645 682 3741 temporis
721 3664 993 3738 supervenerat,
1035 3670 1109 3741 quo
1155 3652 1318 3757 insigniri

307 3771 415 3841 vestis
440 3774 584 3844 intextu
608 3794 792 3866 purpurae
803 3768 838 3819 (ι)
869 3788 1048 3865 coeperat.
1082 3772 1131 3845 ld
1146 3780 1316 3853 enimde-

302 3970 1313 3999 ------------.....-.........

329 4062 369 4113 (a)
387 4062 423 4106 tte
438 4059 496 4105 sou
524 4055 560 4113 (ὃ)
574 4058 636 4108 θοὰ
651 4072 709 4105 etan
722 4064 832 4123 qtuert't.
859 4064 894 4115 (c)
912 4064 976 4111 cod.
992 4078 1154 4127 propium.
