2776 4934
534 383 614 447 sEv
634 382 767 447 LIBER
786 382 845 447 111.
1136 386 1195 444 263

244 553 351 620 LXL·
368 560 412 623 Εὐ
428 578 498 622 cum
509 559 865 639 dictoadprehendens
876 561 911 651 in
927 553 1114 659 paenupw
1123 578 1198 641 per·
1222 484 1256 651 ξ

184 672 293 744 ducit,
314 671 453 752 olimque
470 673 638 751 prouisam
653 663 689 719 (b)
707 671 883 752 imaginem
897 675 1055 740 ostendit.
1084 676 1199 754 Agna·

182 783 307 855 scisne,
337 782 401 853 ait,
423 778 610 844 Alexandri
632 783 723 844 illius
747 806 842 866 quum
858 786 993 865 mentiri
1018 804 1082 845 rum
1105 797 1198 862 potes

175 881 343 979 faciem?
359 889 427 951 Sed
440 893 594 971 quidnam
613 893 815 956 intremuisti
830 907 899 954 tam
909 893 1058 977 trepide,
1076 895 1200 975 quidue

179 998 331 1064 traharis
350 1019 392 1060 ex
405 988 527 1062 vultui
561 1002 638 1063 Non
664 1003 722 1067 ille
748 1012 786 1066 t'u
804 1006 975 1071 Persarum
1000 1016 1120 1083 potens
1144 1005 1199 1067 es?
1231 1062 1235 1069 .

179 1133 248 1177 non
271 1110 392 1174 Indiae
420 1107 596 1173 dominus?
628 1134 690 1175 non
715 1115 774 1197 qui
800 1117 864 1175 iam
894 1114 1052 1185 orientem
1079 1132 1199 1173 omnem

177 1221 374 1303 trophaeum
390 1234 481 1282 tuum
492 1211 633 1305 feceris,
655 1222 793 1286 Parthis
809 1237 843 1285 et
854 1204 965 1286 Medis
980 1223 1200 1302 imperitans?

177 1342 236 1400 An
252 1353 330 1395 uero
345 1346 379 1395 te
393 1332 496 1413 pudet
510 1332 582 1394 sine
602 1335 734 1396 militia
744 1335 798 1397 uel
813 1335 1026 1414 expeditione
1043 1336 1200 1395 inmanus
1220 1325 1223 1329 ⁴

171 1432 329 1533 feminae
351 1443 539 1507 deuenisse?
563 1445 684 1535 puero
698 1448 808 1509 conice
825 1466 944 1529 quaeso
962 1445 1045 1526 quid
1058 1458 1091 1506 ce
1107 1444 1201 1505 iuva·

178 1558 231 1617 rit
247 1567 308 1617 tua
333 1553 395 1614 illa
413 1546 552 1640 famosa
576 1557 779 1635 prudentia,
808 1577 877 1618 cum
908 1577 992 1617 nuuc
1017 1553 1200 1621 Candacem

176 1666 233 1729 tul
251 1660 286 1710 (ο)
309 1664 437 1726 uideris
460 1664 689 1731 sollertiorem.
738 1667 839 1760 puod
853 1668 961 1745 igitur
986 1666 1048 1727 hue
1075 1669 1201 1737 attinet

174 1777 409 1861 arrogantiam
427 1775 548 1836 nimiae
562 1776 795 1855 prudentiae
781 1798 848 1839 ram
868 1778 1040 1854 deponito.

240 1882 348 1963 LXII
383 1888 478 1949 Haec
499 1884 561 1945 illa
579 1886 727 1958 dicente,
751 1907 808 1947 uec
826 1887 935 1949 cultui
956 1900 1104 1948 constare
1126 1884 1201 1950 Ale·

175 1998 328 2070 munder,
349 1998 430 2081 quin
450 1996 551 2057 etiam
569 1987 762 2099 infrendere
780 1995 932 2057 dentibus
946 1996 1134 2058 uidebatur
1153 1995 1201 2056 Et

175 2112 292 2189 regina
318 2106 517 2169 subridens:
550 2105 643 2201 Quid
668 2118 702 2168 te
733 2108 843 2184 iuuat,
874 2108 1006 2189 inquit,
1038 2105 1116 2166 baec
1139 2119 1200 2165 tua

174 2219 286 2280 tacita
313 2218 508 2298 indignatio
535 2219 583 2277 sic
605 2217 803 2279 saeuientem
826 2216 874 2280 uel
898 2219 930 2277 si
953 2217 1200 2278 mavelisiusa·

172 2323 340 2396 aientem?
383 2328 441 2407 Ad
456 2326 534 2388 baec
552 2326 627 2388 ille:
654 2328 729 2393 Πιια
748 2327 839 2405 milri,
857 2349 932 2394 nam
948 2320 1199 2412 saueproflten·

135 2466 139 2473 ’
171 2440 254 2500 dum
273 2449 340 2505 est,
364 2440 437 2506 ait,
459 2436 508 2497 uel
526 2440 669 2496 maxima
685 2437 897 2513 indignatio,
921 2435 1010 2514 quod
1035 2434 1113 2493 milri
1127 2435 1199 2511 gla-

130 2620 134 2629 .
171 2547 252 2610 dius
273 2540 437 2603 meresbuc
456 2563 559 2603 eomes
579 2544 717 2605 nonsit.
751 2544 952 2607 Etcuiuam
975 2543 1062 2614 usui,
1080 2544 1199 2621 regina

127 2658 132 2673 ’
173 2653 371 2763 respondit,
409 2651 558 2733 gladium
589 2652 653 2712 tibi
680 2674 765 2713 num
794 2653 1007 2734 requisisses?
1051 2653 1100 2736 At
1123 2649 1198 2729 ille,
1233 2634 1237 2657 ⁵

175 2766 278 2863 {iuod
292 2764 428 2935 eninyn
445 2761 664 2824 huiuscemodi
680 2775 826 2842 tempore
849 2775 950 2841 atque
966 2760 1066 2822 rebus
1084 2760 1199 2841 regale

171 2875 353 2939 admodum
401 2896 481 2935 unus
495 2866 598 2959 foret
620 2864 806 2958 interfecta
822 2883 855 2932 te
870 2874 1018 2933 comitem
1036 2893 1084 2931 me
1104 2892 1199 2951 prae·

172 2989 293 3049 missae
325 2985 441 3053 morti‘
453 2985 685 3063 praestitisse,
716 2982 842 3066 nequid
872 2983 928 3047 sit¹
939 2975 1083 3069 foedius
1109 2983 1198 3065 quod
1224 3042 1229 3053 ,

172 3096 376 3177 praeteritas
392 3112 524 3158 nostras
541 3094 670 3174 glorias
688 3092 937 3157 obumbraverit.
981 3095 1129 3172 Accipio,
1147 3092 1197 3153 ind

174 3209 252 3289 quit
273 3205 442 3286 Candace,
463 3196 699 3290 professionem
711 3194 851 3283 dignam·
863 3205 933 3266 oiro
948 3215 980 3265 et
996 3208 1103 3266 animo
1118 3220 1197 3266 sane

170 3317 304 3398 regali:
324 3317 384 3378 sed
400 3330 518 3378 metum
530 3315 623 3376 lzunc
647 3313 775 3375 abicias
795 3314 908 3391 uelim,
930 3327 964 3375 et
991 3314 1196 3394 magnit-udi·

172 3449 247 3489 nem
264 3429 400 3508 gratiae
421 3412 503 3489 cuae
519 3423 731 3510 benefidique
746 3424 957 3486 considerans
981 3424 1119 3505 dignam
1142 3427 1195 3487 vi·
1239 3492 1242 3503 ¹

169 3537 403 3598 aissitudinem
411 3557 526 3631 spera.
570 3535 670 3634 Quod
685 3537 771 3596 enim
780 3533 862 3620 filio
882 3535 1048 3599 Candauli
1064 3555 1133 3599 mec
1157 3536 1194 3601 in

167 3644 406 3727 Bebryciorum
428 3648 554 3710 ultione
582 3646 807 3725 praestitisti,
836 3647 873 3707 id
898 3646 964 3711 tibi
988 3668 1048 3728 ego
1074 3648 1109 3708 in
1119 3657 1193 3715 etna

166 3755 279 3817 salute
296 3757 495 3861 praestabo,
518 3770 617 3840 atque
642 3754 734 3839 apud
760 3755 902 3836 gentiles
923 3755 1079 3819 barbaros
1105 3775 1193 3819 meos

193 3937 237 3988 (a)
256 3934 321 3980 cod·
314 3936 451 4015 moerim..
475 3937 514 3980 Es
535 3933 716 3992 diphthongus
739 3934 846 3992 quidem
871 3946 904 3981 aa
926 3924 1020 3986 meiito
1043 3940 1186 3985 retinetur

163 4007 202 4064 (b)
223 4010 287 4058 cod.
303 4006 448 4088 percisum
478 4010 511 4062 (a)
478 4000 568 4062 (ita
584 4007 642 4059 eod
660 4012 708 4058 tui.

334 4092 364 4157 1
