2776 4934
220 424 232 459 ⁴
270 466 277 476 .
557 413 637 474 SEV
657 416 789 479 LIBER
809 418 1197 477 1.165

157 588 160 599 ²
261 593 371 666 LVII
416 590 498 680 Ipse
536 588 712 659 autorum
700 588 783 659 >ad
808 589 995 660 civitatem
1038 562 1197 659 Pieriam
1268 625 1371 698 orphei

186 741 279 810 qnae
304 686 535 784 llabruchiae
549 712 590 764 (²)
614 712 699 785 urbs
712 714 892 785 habetur
882 733 953 785 1tet
971 716 1069 786 exim
1084 713 1191 785 fecit
1182 725 1293 765 statua
1325 725 1371 764 ³¹¹·

182 865 254 935 qua
281 840 321 907 in
338 834 429 907 urbe
443 852 480 906 et
493 841 675 934 templum
692 843 886 937 opiparum
904 860 941 910 et
955 842 1194 913 simulacrum
1206 797 1261 854 dar
1346 864 1349 873 ·

185 963 323 1058 Orphei
339 980 416 1033 erat
428 962 626 1035 admodum
647 966 873 1064 religiosum.
905 965 1045 1036 Ibidem
1069 991 1194 1037 musae

183 1090 297 1160 etiam
321 1087 482 1160 Pierides
515 1109 744 1163 consecratae
777 1091 1015 1174 videbantur,
1050 1046 1195 1186 unaqde

182 1212 422 1311 omnigemim
447 1211 619 1310 figmenta
635 1215 841 1288 viventium
858 1218 996 1311 Orphei
1015 1217 1194 1289 musicam
1216 1200 1225 1239 ²

183 1339 408 1417 demirantia,
437 1347 530 1410 Cum
562 1340 675 1438 igitur
706 1341 961 1414 admirationis
992 1340 1113 1412 studio
1149 1343 1194 1410 si·

179 1466 385 1536 mulacrum
410 1463 504 1535 illud
529 1463 733 1535 Alexander
757 1468 974 1550 intueretur,
1001 1466 1114 1537 sudor
1139 1491 1194 1536 re·

179 1609 291 1684 pente
315 1588 496 1686 profluere
523 1607 560 1663 et
585 1617 650 1685 per
664 1616 775 1662 omne
795 1593 982 1662 simulacri
999 1592 1099 1662 illius
1117 1615 1195 1660 cor·

178 1741 249 1810 pus
274 1739 423 1785 manare
446 1717 545 1787 visus
571 1739 646 1786 non
680 1717 758 1787 sine
792 1716 1037 1811 admiratione
1070 1715 1195 1787 videne

177 1844 275 1912 tium
300 1841 382 1919 fnit,
409 1845 538 1913 Motus
565 1865 650 1936 ergo
676 1843 839 1934 portenti
864 1842 1027 1912 novitate
1054 1841 1195 1912 coniec·
1237 1903 1240 1908 .

176 1983 335 2037 tatorem
380 1966 440 2034 vel
486 1962 812 2037 celebratissimum
854 1965 1132 2060 Melampodam
1157 1964 1195 2014 (⁸)

174 2095 378 2164 sciscitatur
404 2088 491 2184 qnid
515 2089 663 2160 tandem
688 2092 753 2162 ille
779 2090 888 2171 sudor
910 2089 981 2160 sibi
1006 2088 1194 2161 simulacri
1273 2144 1301 2179 u

174 2214 408 2335 urinaretur‘i
430 2221 527 2285 Turn
560 2215 644 2295 ille,
672 2215 789 2285 Sudor
813 2240 899 2286 sane
932 2213 1051 2312 largus
1087 2214 1193 2285 labor

178 2363 231 2415 est
258 2345 323 2440 qui
349 2342 419 2414 erit
444 2362 554 2435 quam
587 2341 854 2433 prolixissimus
882 2340 953 2412 tibi
978 2366 1124 2435 quoque
1151 2340 1190 2408 in

177 2469 280 2540 rebus
306 2462 576 2564 praesentibus,
609 2489 632 2534 o
660 2490 736 2534 rex:
767 2465 904 2559 quippe
920 2468 1086 2560 gentium
1111 2492 1192 2559 per·
1255 2548 1258 2553 4

199 2704 241 2774 (q)
257 2700 316 2747 coe
331 2709 428 2744 tamen·

216 2888 261 2958 (1)
285 2891 326 2939 Ita
347 2886 407 2939 cod.
422 2888 519 2958 Neque
538 2885 635 2938 melius
651 2902 680 2935 se
701 2883 781 2934 habet
802 2879 888 2931 codex
906 2896 1015 2948 graecus
1035 2881 1132 2950 inquo
1148 2884 1190 2934 le-

171 2978 245 3046 gitur
258 2983 427 3049 παςαγίνεται
443 2976 485 3028 s'rri
501 2969 550 3043 τὴν
563 2975 697 3046 ‘Inspice
711 2975 759 3039 τῆς
774 2965 909 3040 Edonias·
932 2967 991 3016 Iam
1010 2965 1126 3018 Pieriam
1145 2967 1188 3018 di·

172 3064 208 3113 eit
226 3062 320 3112 urbem
335 3060 464 3112 Boeotiae
481 3059 592 3119 Tretzes
610 3055 680 3109 elul.
699 3061 797 3108 v1.9⁰.
833 3054 928 3124 Neque
946 3050 1092 3120 probabilis
1110 3052 1188 3103 vide-

173 3163 219 3200 tur
236 3147 390 3200 coniectura
407 3144 463 3197 eius
478 3143 529 3195 viri
543 3143 591 3213 qui
605 3143 691 3194 multo
712 3139 862 3192 recentiore
876 3154 957 3191 manu
976 3136 1082 3206 scripsit
1097 3135 1126 3188 in
1141 3155 1187 3190 co-

172 3235 238 3286 dicis
253 3232 376 3302 margine
391 3227 571 3284 Ambraclriae
578 3224 658 3296 sorte
674 3225 826 3298 legendum.
851 3226 978 3276 Ceterum
995 3240 1045 3274 nec
1059 3221 1105 3272 alii
1121 3222 1188 3274 scri.

173 3333 263 3391 ptores
277 3320 350 3370 inter
362 3336 390 3369 se
407 3314 588 3369 consentiunt.
618 3314 690 3365 Nam
706 3311 836 3365 Arrianus
851 3309 961 3378 quidem
976 3308 1000 3359 l.
1014 3316 1056 3361 11.
1073 3307 1102 3357 id
1120 3325 1185 3378 pro·

175 3405 241 3473 digii
255 3404 381 3457 accidisse
396 3402 488 3455 scribit
505 3403 532 3455 ἐν
547 3402 660 3473 Πιερίδι.
683 3399 729 3452 sod
750 3394 908 3450 Plutarchus
923 3411 950 3463 p.
970 3401 1012 3442 21.
1032 3404 1058 3443 et
1073 3393 1183 3448 Tretret

175 3487 243 3541 chit.
259 3506 300 3542 vr.
317 3496 359 3540 91.
383 3488 417 3540 ad
431 3487 527 3540 urbem
547 3504 593 3537 seu
612 3484 717 3536 sontem
737 3492 891 3533 montemve
909 3482 1059 3551 Λείβηθρα.

217 3566 262 3646 (2)
286 3556 362 3626 Alius
385 3574 534 3642 Melampus
560 3582 633 3622 vates
658 3570 773 3622 occurrit
802 3564 873 3636 apud
895 3564 1048 3616 Diodorum
1073 3580 1116 3620 tv,
1138 3571 1179 3618 68.

174 3657 226 3713 Sed
243 3659 313 3710 enim
328 3657 399 3728 apud
412 3657 558 3711 Attianum
574 3659 597 3708 1.
615 3663 657 3706 11.
680 3651 854 3708 Plutarchum
870 3668 897 3719 p.
914 3657 956 3700 21.
978 3650 1006 3700 id
1023 3649 1179 3720 prodigium

173 3742 330 3795 edisseritur
350 3742 382 3795 ab
397 3743 557 3796 Aristandro
580 3755 650 3794 vate.
674 3743 716 3793 De
734 3735 905 3805 Melampode
928 3735 1100 3787 celeberrimo
1118 3748 1177 3787 vate

173 3835 235 3900 lege
251 3827 369 3882 Plinium
386 3844 440 3880 vu
459 3839 522 3880 sect.
538 3836 579 3880 11.
595 3842 670 3880 xxv.
690 3837 754 3877 sect.
770 3833 811 3875 2.1
830 3826 960 3891 notaque
975 3821 1126 3884 Hardumr
1149 3834 1177 3873 et

172 3912 373 4010 Tertullipnum
390 3912 532 3985 Apologet.
525 3932 607 3984 .cap
623 3928 690 3966 xxr.
719 3914 790 3968 Nota
817 3906 1033 3962 terminationem
1050 3906 1176 3961 Melam·

162 4003 266 4075 poclum
282 3998 327 4052 hic
346 4011 372 4051 et
387 3996 449 4050 init.
441 4016 595 4085 ..capqseq
