2776 4934
115 426 157 488 94
532 422 712 483 lmrotns

117 588 289 650 Pausaniae
326 586 543 652 interfectoris
567 588 745 675 supplicio:
767 596 843 674 post'
867 608 950 674 qtrae
976 590 1040 650 iam
1067 610 1126 650 rex

115 674 294 736 Alexander
315 674 509 741 Macedones
540 688 730 758 ceterosque
750 676 888 737 Graecos
912 676 1068 737 concione
1092 675 1130 733 in

117 765 243 824 Persam
266 761 471 837 exstimulat,
493 774 662 823 veteranos
681 762 716 821 in
738 782 893 825 armorum
915 758 1027 823 studio
1051 780 1127 821 oon·

117 850 239 922 firmat,
261 849 397 907 militem
411 866 531 907 novum
549 846 685 922 scribit,
705 849 780 910 navi
803 848 834 907 ia'
848 847 1004 923 instruit,
1026 842 1128 947 pecu-

117 937 202 996 niam
226 948 259 992 et
280 947 486 993 commeatum
511 930 658 1007 conficit,
680 946 748 993 tum
766 944 791 996 T
814 933 926 993 ruciam
940 944 981 992 et
998 930 1128 1015 aliquot

119 1014 294 1084 occidentis
311 1018 460 1106 regiones
476 1017 611 1077 victoris
627 1019 733 1103 specie
748 1018 917 1103 percurrit,
935 1030 969 1077 et
982 1014 1133 1103 denique¹

118 1106 158 1167 ad
172 1103 311 1182 Libyam
326 1120 422 1185 atque
433 1103 616 1201 Aegyptum
629 1103 759 1164 classem
773 1103 918 1188 appellit.
949 1100 1037 1165 Heio
1047 1122 1128 1165 vero

119 1212 189 1279 pars
204 1189 359 1253 historiae
375 1187 578 1261 subtexitur,
608 1208 678 1248 meo
696 1186 824 1272 quidem
836 1187 958 1261 iudicio
979 1188 1129 1273 pulcher·

118 1281 216 1350 rima,
238 1295 350 1360 nempe
370 1294 449 1359 pere
471 1271 588 1333 rinatio
613 1270 652 1332 ad
667 1273 893 1351 Hammonem,
924 1288 963 1334 et
982 1292 1130 1359 praeser-

118 1366 179 1425 tim
204 1359 293 1419 urbis
316 1296 526 1421 Alexandriae
548 1358 687 1437 natales,
724 1380 805 1444 quos
831 1380 926 1421 nemo
957 1359 1134 1449 quiaqtram

31 1436 48 1495 .'
118 1462 192 1511 ante
211 1445 331 1505 Iulium
346 1442 510 1509 Valerium
526 1465 634 1526 nerpte
656 1460 720 1506 tam
739 1443 904 1506 recondita
924 1444 1131 1523 eruditione,

117 1553 228 1616 neque¹
248 1529 418 1619 diligentia
438 1542 546 1605 tanta,
566 1550 670 1612 neque
687 1531 757 1615 pari
778 1526 914 1591 fortasse
937 1528 1130 1616 prolixitate

117 1618 240 1683 litteris
261 1617 513 1705 consignaverat.
559 1614 689 1702 Quippe
709 1619 743 1677 et
765 1614 889 1677 oracula
903 1616 1038 1703 copioso
1064 1636 1131 1677 oar-

118 1707 205 1766 mine
230 1700 335 1780 edita,
371 1714 405 1761 et
429 1698 577 1788 prodigia
598 1696 779 1763 nascentem
802 1699 1130 1769 tarbernauctotitate

119 1788 298 1863 firmantia,
324 1801 356 1847 et
376 1785 512 1848 mirandi
535 1783 671 1848 aedilicii
696 1787 914 1863 constructio,
935 1800 1034 1871 atque
1058 1806 1129 1849 cum

120 1877 192 1937 aliis
215 1871 352 1932 urbibus
373 1872 518 1932 maximis
538 1875 750 1954 comparatio,
771 1870 1030 1960 religionumque
1045 1871 1129 1961 Aga-

118 1956 360 2029 thodaemonis,
390 1954 518 2028 Protei,
548 1952 773 2041 Serapidisque
789 1954 992 2043 descriptio,
1022 1958 1129 2043 plura-

120 2065 184 2129 que
199 2039 357 2102 eiusmodi
366 2039 480 2128 magni
492 2037 642 2099 lectorem
654 2056 722 2102 tum
735 2043 901 2127 voluptate
916 2040 1129 2128 perfundunt,

119 2144 184 2189 tam
200 2126 294 2186 etiam
308 2123 454 2185 doctrind
468 2138 596 2210 augent.
619 2125 792 2214 Aegyptiis
810 2128 904 2188 rebus
923 2130 1075 2214 peractis,
1091 2126 1130 2189 ad

120 2213 202 2294 Tyri
225 2211 348 2271 moenia
368 2207 457 2281 ducit
475 2207 688 2271 Alexandrum
704 2213 869 2290 Valerius,
900 2236 995 2298 quarn
1016 2212 1129 2275 urbam

120 2311 290 2386 postquam
304 2317 362 2356 rex
379 2316 436 2380 per
450 2292 576 2354 litteras
592 2293 710 2358 frustra
723 2299 860 2375 monuit,
880 2322 955 2361 mox
972 2301 1060 2385 capit
1072 2320 1129 2361 οι·

96 2455 98 2459 ,
120 2383 271 2466 cidioque
294 2380 466 2442 subvertit.
504 2379 591 2440 Hinc
612 2382 792 2443 luculentae
816 2397 849 2443 et
870 2386 1057 2475 magnificae
1076 2406 1129 2445 aa·

121 2483 264 2556 quantur
292 2467 419 2527 litterae
441 2465 554 2541 Darii,
583 2467 758 2530 Alexandri
786 2483 884 2553 atque
914 2464 1129 2557 satraparum,

145 2576 202 2614 trae
222 2553 384 2637 antiquam
407 2551 493 2614 illam
510 2565 543 2612 et
556 2574 695 2640 graecam
719 2553 880 2617 scribendi
900 2555 1034 2644 gloriam
1070 2574 1128 2617 uo·

121 2579 286 2701 dammodo
313 2632 486 2698 suscit'ant:
501 2652 660 2719 ,veterum
691 2642 775 2702 enim
797 2640 942 2704 Valerius
964 2644 1016 2703 int
1048 2706 1051 2711 ,
1076 2664 1125 2703 uas

121 2740 171 2786 est
193 2724 316 2784 similis.
341 2724 427 2806 ,Post
441 2737 565 2785 mutuas
581 2728 826 2811 provocationes
844 2741 878 2786 et
892 2727 1009 2804 minas,
1032 2742 1125 2790 atrox

120 2808 334 2880 Macedonum
344 2806 575 2894 Persarumque
589 2828 743 2874 certamen
758 2814 883 2875 conseri
899 2834 1031 2875 necesse
1046 2828 1141 2890 erat,·

122 2895 210 2982 quod
226 2896 372 2958 Valerius
397 2895 475 2955 satis
496 2896 655 2979 probabili
679 2896 828 2960 facultate
844 2896 1012 2957 describit.
1052 2898 1129 2959 Pul·

121 3003 176 3043 sus
194 2982 228 3041 in
243 2979 350 3077 fugam
367 2979 576 3039 Darius'dum
599 2981 638 3041 ad
652 2980 771 3042 bellum
795 2979 1033 3041 instaurandum
1051 2984 1130 3045 inss-

119 3070 204 3129 nitas
221 3084 328 3149 capras
345 3065 524 3139 contrahit,
545 3067 676 3125 interim
695 3082 728 3127 et
746 3068 816 3153 ipse
830 3063 1007 3127 Alexander
1028 3072 1130 3133 novis

120 3153 252 3214 auxiliis
272 3147 462 3233 quaerendis
489 3147 616 3211 deditus
637 3151 744 3212 Asiam
769 3152 925 3213 minorem
946 3150 1131 3215 Graeciam·

121 3260 183 3324 que
221 3248 405 3310 concursat,
439 3232 561 3318 Orphei
600 3235 764 3298 sudantem
802 3252 938 3297 statuam
970 3237 1129 3318 miratur,

120 3324 238 3387 Achilli
261 3319 300 3382 ad
324 3319 419 3381 ilium
441 3319 628 3379 muneribus
658 3323 873 3406 versibusque
894 3320 988 3383 dictis
1010 3322 1128 3408 paren.

120 3424 189 3487 tat,
212 3422 244 3469 et
259 3405 298 3467 ad
309 3405 490 3467 maeoticam
501 3424 605 3487 usque
617 3406 763 3490 paludem
785 3430 868 3468 arma
880 3404 1051 3469 transfert:
1077 3410 1129 3471 in·

121 3493 225 3579 deque
243 3490 344 3554 redux
362 3490 596 3580 agrigentinum
613 3492 757 3553 Aetoliae
773 3493 931 3554 oraculum
946 3491 1025 3570 adit,
1041 3494 1129 3556 The·

119 3577 176 3640 bas
199 3581 386 3639 resistentes
410 3590 589 3677 expugnat,
620 3599 727 3663 nerpse
752 3578 878 3640 auloedi
903 3577 1004 3640 flebili
1025 3582 1130 3649 canti·

119 3664 192 3725 lena
207 3665 387 3741 cohibetur,
407 3684 576 3746 quominus
589 3662 679 3724 urbis
697 3663 855 3725 excidium
873 3665 982 3752 peragi
997 3663 1128 3729 iubeatt

155 3770 308 3833 tamquam
321 3747 416 3834 paulo
440 3763 516 3833 post
535 3748 665 3810 thebani
682 3749 819 3810 athletae
837 3752 971 3826 irretito,
994 3751 1051 3835 qui
1075 3750 1130 3813 lu·

121 3772 387 3895 discoriuthiacis
404 3850 565 3922 spectante
581 3834 761 3897 Alexandro
777 3837 915 3912 vicerat,
945 3834 1057 3897 urbem
1072 3858 1129 3899 ra·

122 3921 216 3980 stitui
237 3916 500 4005 frequentarique
517 3921 690 4021 permittit.
728 3920 837 4005 Atque
853 3922 1006 3983 hactenus
1023 3922 1125 4007 primi

121 4004 197 4066 libri
216 4018 387 4067 contextus
402 4020 557 4070 excurrat.
