2776 4934
287 413 337 451 xrr
702 355 877 454 actuosus

289 573 535 644 consumpserat,
578 560 621 620 Et
648 542 777 644 quidem
801 560 871 645 ipse
900 559 1043 646 Scriptor
1068 574 1174 644 sancte
1205 572 1304 621 testa·

288 647 401 722 turm,
421 667 455 706 se
472 673 535 712 non
552 650 591 713 dc
604 648 786 732 loquacium
803 671 934 713 numero
949 652 1069 715 vilibus
1087 673 1176 712 usum
1192 664 1304 712 aucto·

289 737 390 806 ribus,
411 735 470 796 sed
483 735 657 823 quosflder'
674 738 894 800 amicissimos
901 749 991 803 vetus
1007 759 1143 799 censura
1157 757 1303 816 pronun·

288 823 405 888 piaret,
436 816 553 900 Itaque
576 815 709 901 perinde
731 815 868 879 fortasse
887 832 937 877 est
957 840 992 879 ac
1014 818 1042 899 si
1056 817 1213 893 Diodoti,
1235 817 1300 877 Eu·

289 904 409 978 menis,
433 901 603 978 Strattios,
624 901 802 981 Amyntae,
832 903 998 978 Archelai,
1019 903 1179 992 Diogneti
1201 916 1299 987 atque

288 987 441 1049 Baetonis
464 989 533 1049 sive
551 986 771 1072 compendium
787 990 858 1050 sive
877 1005 1062 1072 excerptum
1081 987 1240 1072 quoddam
1257 987 1301 1049 le·

287 1095 396 1218 fiamus
420 1072 572 1133 nudatum
602 1074 697 1134 omni
715 1089 830 1134 ornatu
850 1074 1005 1134 orationis
1026 1089 1186 1157 tamquam
1209 1086 1299 1136 veste

311 1173 437 1219 etraota.
480 1159 522 1218 Et
552 1179 739 1242 quamquam
761 1180 831 1220 cum
851 1159 987 1220 Arriano
1013 1157 1202 1242 plerumque
1226 1179 1314 1221 con·-¹

289 1245 388 1304 sentit
406 1243 631 1319 Itinerarium,
663 1241 699 1303 id
719 1258 824 1304 tamen
845 1246 917 1329 ipsa
933 1267 1037 1304 rerum
1054 1246 1165 1329 potius
1181 1243 1323 1335 veritam-

287 1345 340 1406 te,
374 1350 467 1412 quam
496 1329 642 1414 sequelae
672 1329 781 1390 studio
812 1345 868 1389 aut
896 1331 1088 1392 imitationis
1118 1328 1297 1391 conficitur.

287 1414 370 1475 Nam
390 1437 488 1497 quum
506 1430 539 1475 et
552 1415 707 1475 Arrianus
727 1417 869 1499 apprime
888 1415 932 1474 sit
947 1425 1115 1499 φιλαλήθης,
1138 1429 1171 1474 et
1189 1408 1299 1493 noste'r

289 1503 368 1562 item
388 1502 508 1561 Auctor
525 1501 606 1561 nihil
626 1501 791 1584 antiquius
811 1502 1003 1563 narrationis
1021 1502 1084 1562 fide
1100 1499 1228 1576 haheat,
1244 1520 1299 1559 ne·

287 1587 420 1648 cessaria
439 1585 572 1669 quadam
597 1588 724 1649 ratione
749 1586 979 1670 consequitur,
1008 1601 1046 1648 ut
1072 1598 1299 1670 saepenumero

287 1671 504 1731 adsentiantur
529 1672 616 1732 inter
645 1695 692 1734 se.
711 1737 715 1747 ,
734 1673 893 1756 Alioquin
918 1672 1012 1733 multi
1041 1685 1117 1732 sunt
1137 1671 1218 1746 loci,
1242 1668 1303 1754 qui·

287 1750 364 1817 satis
384 1756 517 1832 docent,
538 1758 674 1819 Auctori
689 1752 955 1820 Itinerariihaud
969 1779 1039 1818 raro
1057 1757 1228 1817 Arrianum
1242 1775 1297 1815 ne·

288 1839 351 1924 que
367 1840 405 1900 ad
423 1840 667 1900 exscribendum
682 1862 789 1924 neque
805 1840 844 1900 ad
863 1840 1051 1900 imitandum
1064 1840 1165 1901 fuisse
1181 1858 1309 1926 propo·¹

287 1928 386 1984 situm
401 1926 452 2006 (²),
497 1920 647 1983 Ceterum
662 1927 834 2008 utriusque
851 1924 1001 1984 Auctoris
1019 1925 1080 1986 hoc
1095 1941 1144 1986 est
1161 1948 1298 1988 commu·

287 2031 329 2071 ne
355 2011 563 2084 institutum,
585 2022 623 2068 ut
646 2010 839 2077 circumcisis
866 2008 1035 2085 omnihus,
1058 2033 1138 2095 quae
1165 2009 1206 2071 de
1225 2011 1316 2091 Ale-..¹

289 2095 405 2156 xandri
430 2095 568 2179 pueritia
592 2109 689 2177 atque
717 2093 905 2154 educatione
927 2094 1045 2156 tradita
1067 2095 1106 2156 ab
1132 2097 1205 2157 aliis
1230 2092 1305 2159 fue-¹

283 2197 381 2257 ¹rant,
408 2178 550 2240 hallicarn
568 2194 692 2240 tantum
711 2178 852 2239 eiusdem
871 2178 1111 2265 expeditionem
1134 2197 1211 2267 post
1225 2183 1299 2245 Phi·
1319 2190 1323 2195 '

288 2267 371 2352 lippi
390 2262 498 2325 hecem
515 2267 644 2349 scriptis
663 2280 888 2348 exsequantur.

351 2353 411 2415 IV.
443 2349 588 2412 Iamvero
613 2373 711 2435 quum
730 2351 891 2411 innumeri
911 2351 1080 2429 historici,
1104 2352 1191 2436 quod
1210 2355 1298 2438 quis·

289 2436 437 2524 quesere
461 2436 637 2512 voluisset,
660 2437 695 2495 in
720 2437 820 2498 vitam
845 2437 1020 2498 Alexandri
1044 2440 1119 2500 olim
1143 2439 1314 2517 contulib,

288 2539 381 2600 sent,
403 2537 512 2584 noster
539 2521 668 2605 quidem
696 2521 819 2583 Auctor
843 2543 938 2610 grave
963 2547 1078 2586 munus
1104 2538 1138 2584 et
1155 2524 1298 2601 arduum,

141 2396 276 2451 Itinerarii

114 2482 251 2534 veracitas.

331 2774 379 2856 (a)
402 2787 467 2854 Cap.
492 2784 536 2837 11..

331 2871 375 2943 (2)
397 2872 484 2924 Nemo
502 2869 641 2940 Anonymi
668 2869 842 2924 Itinerarium
856 2873 1006 2926 arbitretur
1030 2890 1088 2923 esse
1105 2870 1217 2923 Arriani
1240 2887 1298 2922 ser-

288 2956 341 3008 vile
360 2957 495 3029 quoddam
513 2956 711 3027 compendium.
736 2957 867 3012 Arrianus
884 2969 937 3009 tres
952 2957 1022 3008 filios
1041 2953 1188 3007 Pausaniae
1204 2970 1298 3006 caesos

250 3060 255 3070 ¹
288 3061 344 3095 nou
367 3053 474 3104 narrat,
506 3041 740 3094 Lacedaemonum
764 3041 793 3094 iu
821 3040 1045 3112 peloponnesiaco
1063 3049 1195 3088 conventu
1221 3035 1299 3089 aliud

288 3144 447 3196 responsum
462 3122 561 3191 refert,
582 3126 652 3178 nihil
671 3126 705 3177 de
721 3127 858 3181 Maeotide
875 3127 906 3178 ab
922 3122 1076 3179 Alexandro
1098 3122 1171 3173 adita
1195 3133 1297 3199 narrat,

288 3211 373 3264 alium
397 3211 536 3281 copiarum
559 3229 702 3265 numerum
716 3212 872 3265 Alexandro
895 3211 969 3264 eunti
994 3210 1023 3263 iu
1043 3209 1139 3263 Asiam
1157 3206 1297 3276 adiungit,

288 3315 375 3369 neque
393 3295 586 3365 Olympiadem
604 3297 792 3368 Amphipolim
807 3317 891 3371 usque
908 3297 999 3362 ducit,
1020 3291 1108 3368 neque
1128 3305 1231 3364 septem
1248 3292 1297 3345 sed
1338 3328 1340 3345 .

289 3400 336 3434 sex
351 3384 433 3437 Asiae
450 3394 615 3451 satraparum
632 3383 776 3449 meminit,
798 3402 885 3455 neque
903 3383 1109 3438 Parmenionem
1126 3379 1174 3432 sed
1187 3379 1297 3444 Amyn-

289 3477 345 3521 tam
361 3469 537 3537 praemissum
556 3469 589 3520 ab
606 3468 760 3522 Alexandro
778 3468 879 3522 scribit.
911 3471 1000 3540 Atque
1018 3469 1065 3519 has
1084 3463 1223 3517 varietates
1245 3464 1296 3516 sub

288 3550 356 3622 ipsis
375 3553 503 3607 historiae
520 3554 675 3622 primordiis
693 3566 787 3606 notare
802 3553 902 3606 libuit:
922 3554 1038 3626 reliquas
1056 3547 1184 3620 plurimas
1202 3563 1295 3614 perse-

203 3694 209 3703 ·
290 3637 337 3709 qui
352 3637 469 3691 otiosum
486 3651 535 3690 est.
557 3640 654 3695 Obiter
670 3652 761 3692 tamen
778 3656 893 3702 moneo,
915 3639 939 3689 si
956 3639 999 3688 cui
1014 3646 1107 3696 vacat,
1128 3644 1158 3683 ut
1174 3633 1295 3684 conferat
1336 3692 1340 3719 ,

290 3720 426 3774 Itinerarii
451 3742 507 3794 cap·
525 3731 567 3780 st.
595 3743 656 3777 curn
673 3723 785 3778 Arriani
810 3723 857 3775 lib.
877 3724 915 3774 Π.
932 3728 973 3774 25.
999 3720 1062 3774 nin.
1084 3727 1124 3773 65.
1148 3735 1208 3769 cum
1230 3716 1293 3771 Art·

289 3809 386 3862 111.s.
413 3808 476 3860 Itin.
492 3816 533 3861 66.
556 3827 618 3862 cum
636 3810 699 3862 Arr.
718 3810 770 3861 111.
787 3815 829 3857 17.
856 3807 921 3858 Itin.
938 3814 979 3859 70.
1005 3800 1066 3856 cum
1084 3804 1146 3857 Arr.
1173 3805 1227 3856 ΙΙΙ.
1252 3809 1293 3854 25.

288 3893 355 3947 ltin.
372 3901 413 3946 85.
438 3911 500 3945 cum
514 3895 577 3948 Arr.
596 3911 633 3946 tv.
652 3901 675 3944 ὅ.
700 3891 808 3960 Saporis
824 3891 907 3954 item,
936 3909 989 3962 quo
1002 3889 1157 3942 Alexander
1170 3887 1235 3941 Itin.
1253 3889 1294 3942 54.

289 3989 352 4059 unte
372 3995 490 4050 pugnam
511 3991 635 4050 paratus
654 3977 768 4040 dicitur,
789 3977 863 4027 nulla
884 3976 916 4028 ab
935 3976 1051 4030 Arriano
1070 3975 1171 4030 mentio
1190 3971 1231 4024 fit.
