2776 4934
578 442 665 553 ⁸sev
681 436 814 508 LIBER
832 447 904 529 111„
949 513 960 521 ..
1178 456 1241 515 261

218 630 341 677 sessum
357 635 452 680 omne
469 629 504 680 et
515 611 555 663 (θ’)
567 609 732 704 frequens
748 620 885 687 horrore
900 642 995 689 sacro
1025 629 1066 692 de
1089 628 1244 695 Deorum

216 725 361 789 vultibus
380 726 546 809 barbaris,
565 730 626 810 qui
642 730 757 806 plusne
765 723 968 816 formidinis
988 758 1031 797 arr
1047 725 1243 802 admiratio?

216 835 274 896 nis
290 837 433 911 darent,
453 836 544 899 haud
561 850 634 899 erat
651 838 793 902 hominis
811 843 1003 911 discernere.
1050 823 1144 909 Inter
1160 848 1240 911 haee

216 958 257 1007 et
272 947 358 1008 celsa
374 948 434 1009 illa
448 961 549 1030 atque
565 950 613 1009 ad
630 949 752 1011 caelum
773 955 973 1032 suspicanda
994 955 1126 1033 palatia
1137 957 1238 1017 inter·

203 1050 323 1145 stetere
342 1059 539 1141 Argyritum
557 1055 597 1105 (²)
606 1054 735 1147 flumen
748 1075 782 1122 et
798 1063 899 1124 alium
915 1065 1084 1127 Pactolum
1088 1058 1237 1151 fluuium
1325 1120 1329 1127 .

162 1195 166 1214 ι
215 1165 422 1233 mirabatur:
442 1171 502 1231 sed
520 1183 692 1252 utrumque
711 1172 839 1234 alueum
855 1195 938 1259 auro
955 1176 1095 1237 diuitem
1112 1166 1249 1260 etprae'

214 1277 391 1338 nimietate
417 1280 496 1340 auri
517 1275 764 1368 interfluentis,
795 1304 901 1366 aquae
925 1308 1050 1369 quoque
1083 1288 1238 1364 aurigan-¹

214 1399 284 1449 tem
307 1387 466 1450 colorem:
488 1389 536 1450 sel
552 1411 662 1451 eorum
675 1391 756 1452 litus
772 1405 806 1453 et
836 1397 1001 1476 margines
1028 1397 1160 1456 insertis
1184 1416 1239 1479 ar·¹

211 1495 348 1559 boribus
365 1498 688 1583 conniresount‘quae
705 1503 896 1571 celsaeesint
913 1517 947 1567 et
966 1507 1087 1585 odorae
1103 1496 1158 1564 (lu,-
1188 1514 1239 1585 ty·

210 1629 295 1690 pros
326 1603 468 1690 denique
495 1609 676 1688 gentiliter
697 1627 813 1676 uocant
832 1605 959 1699 fructu
986 1619 1078 1680 suani
1106 1626 1140 1678 et
1172 1635 1238 1675 um·
1265 1592 1271 1611 i

213 1718 324 1783 brasis
333 1711 522 1806 frondibus
540 1719 674 1782 divites.

266 1803 367 1888 UX-
400 1831 494 1890 Haee'
511 1830 622 1908 igitur
644 1846 761 1895 cuneta
783 1857 853 1895 cum
877 1836 1068 1923 Alexander
1092 1834 1236 1895 intuitus

211 1954 298 2006 esset
324 1939 359 1989 (0)
379 1941 602 2002 admiratione
619 1945 761 2024 quadam
782 1944 894 2006 debita
914 1946 1112 2011 uincebatur.
1151 1947 1235 2022 Age·

209 2047 270 2121 tae
286 2054 322 2114 in
339 2044 486 2114 conuiuio
509 2049 690 2113 Candnnlis
703 2045 863 2114 sororffl).
906 2057 1085 2118 Enimvero
1104 2053 1235 2138 quaesit

183 2184 308 2247 *quam
326 2161 478 2223 blandius
493 2175 573 2242 post
594 2159 629 2208 (θ)
652 2178 787 2226 matrem
809 2164 994 2230 Candaules
1021 2168 1074 2227 uti
1091 2165 1234 2243 Antigo-

209 2296 286 2336 num
300 2294 392 2335 suum
406 2294 469 2353 pro
483 2275 604 2335 merito
624 2278 760 2355 gratiae
772 2276 897 2356 regalis
912 2287 1148 2347 muneraretur,
1170 2293 1233 2355 quo

208 2385 352 2446 donatus
376 2375 497 2458 (fl'pro
518 2373 673 2463 fortuna
701 2399 817 2444 tantae
840 2391 992 2461 reginae,
1021 2387 1068 2443 ad
1088 2383 1235 2461 propria

207 2491 368 2572 protinus
387 2498 554 2547 remearet·
603 2488 862 2562 Conprehtusum
876 2493 985 2569 igitur
1001 2491 1231 2553 Alexandrum

211 2599 364 2665 Condate
382 2614 443 2675 per
468 2594 689 2654 aulamsuam
710 2599 881 2678 omniaque
905 2601 1019 2678 regiae
1041 2611 1168 2659 secreta
1191 2618 1229 2658 ac

205 2706 399 2794 penetralia
424 2705 656 2781 circumducit,
692 2723 839 2766 secessus·
859 2707 1015 2789 quosdam
1042 2711 1073 2779 ei
1095 2707 1228 2773 aedium

205 2831 395 2884 monstrans
413 2837 456 2879 en
468 2838 506 2878 eo
528 2816 662 2895 lapide,
685 2818 775 2877 cuins
794 2817 922 2899 quidem
934 2808 1063 2902 fulgor
1078 2812 1118 2870 (ὅ)
1137 2817 1239 2896 igni-¹

205 2946 262 2997 eus
277 2944 328 2994 est
343 2929 444 3009 (nam
464 2927 617 3006 lignitem
638 2928 737 2989 etiam
761 2923 911 3000 nocant).
934 2924 1149 3007 Intuentibus
1173 2928 1225 2986 vi·

200 3047 292 3107 situr
309 3040 427 3121 opinio
453 3037 614 3119 quaedam
633 3029 791 3101 ¹indidem
813 3038 893 3099 solis
917 3036 1067 3098 orientis.
1105 3034 1225 3097 Tricli-

203 3156 296 3218 nium
322 3169 446 3235 quoque
473 3148 594 3209 ibidem
618 3149 709 3217 uidet
733 3150 804 3210 alio
821 3148 869 3217 ue
895 3150 975 3235 sqoei
999 3165 1141 3227 genero²
1166 3143 1222 3205 eui

198 3286 273 3329 cum
288 3264 363 3325 sint·
374 3262 492 3341 igneae
506 3260 665 3339 'quaedam
683 3259 826 3320 maculae
841 3246 1113 3346 vel'irlustionesq
1129 3254 1221 3339 haud

196 3343 291 3440 secus
305 3373 402 3450 haec,
425 3390 522 3451 quam
547 3367 770 3430 excandentes
781 3359 821 3414 (ἢ)
843 3369 976 3448 lapides
998 3383 1097 3441 sunt,
1115 3362 1218 3456 flam·

189 3498 1218 3563 ——p——n—-Jfl-q-“ffl

174 3654 178 3667 ,
222 3616 264 3666 (a)
283 3611 348 3658 cod·
364 3622 449 3657 omnes
464 3606 510 3653 rel.
536 3602 571 3657 (b)
589 3603 653 3649 cod.
670 3601 754 3647 odore.
781 3604 818 3652 (e)
837 3600 900 3646 cod.
927 3601 1062 3646 iruerissee.
1090 3599 1132 3650 (d)
1149 3596 1213 3647 cod.

195 3687 335 3739 Candanli
360 3685 461 3732 sororis.
488 3683 522 3732 (e)
539 3682 637 3737 Nempe
652 3689 728 3740 rogat
744 3693 822 3739 quam
837 3674 958 3726 blandius
972 3687 1069 3735 pastea.
1088 3674 1131 3729 (f)
1151 3670 1214 3718 cod.

192 3766 319 3813 donatur.
356 3761 396 3822 (g)
415 3757 477 3803 cod.
492 3738 604 3819 fulgur,
629 3750 743 3813 quodsi
766 3752 881 3802 retines.
905 3752 948 3796 fec
973 3751 1068 3796 deinde
1092 3749 1211 3812 ignitum·

189 3839 235 3894 (h)
254 3837 317 3883 cod.
344 3837 369 3881 ei
392 3832 506 3879 cadmi.
524 3832 644 3899 Fortasse
660 3827 828 3875 scribendum
843 3827 1061 3874 excandescentes.

154 3928 159 3939 .
180 3933 1213 3967 ......------------------«

240 4020 290 4107 (1)
313 3986 536 4087 conferiinm
546 4023 598 4078 111.
613 4028 639 4076 r.
657 4021 912 4109 suammet.
931 4028 973 4072 a.
1025 4098 1029 4107 Ι
1076 4018 1079 4024 ’

579 4166 596 4203 0
