2776 4934
534 412 761 498 sernum
776 433 841 497 nn
866 438 895 477 -···
932 391 933 395 ‘
1119 442 1182 499 na

163 625 205 679 et
228 628 479 703 quaecumque
503 605 585 678 usui
617 621 703 676 sunt
728 603 773 674 ad
807 606 1182 706 militiamtpunefie·

166 751 274 816 rent,
313 758 442 804 verum
472 733 561 828 ipsis
596 719 707 803 etiarn
738 741 805 825 per
838 732 1078 832 indigentiam
1108 724 1185 808 cab¹

165 859 385 930 ciamentis
375 861 415 910 ‘⁶’
421 857 577 979 pedum
602 882 626 951 p
626 856 764 928 lur'itna
780 859 959 953 pernicies
975 859 1183 934 inferretur.

165 987 318 1079 Quippe
342 983 409 1055 ubi
433 980 533 1056 nudo
559 981 716 1079 vestigio
745 1008 812 1078 per
843 981 924 1054 losa
959 1007 1082 1080 aspera
1103 985 1185 1054 &hu

165 1109 342 1203 midaque
367 1109 510 1204 perpeti
534 1104 660 1178 labore
686 1109 925 1181 traherentur.
957 1117 1182 1206 Nequevero

164 1232 208 1302 id
234 1232 302 1304 sub
328 1233 446 1305 isdem
477 1229 658 1304 imbribus
690 1232 781 1346 adeo
817 1235 1035 1317 molestum,
1072 1257 1184 1330 quam

169 1356 447 1432 redeuntibus
436 1385 476 1429 m
508 1342 678 1429 naturam
712 1340 889 1454 temporis
920 1361 1062 1434 solibus
1092 1360 1183 1432 fuit:

169 1482 338 1579 quamvis
363 1483 584 1578 intemperie
607 1484 673 1552 illa
696 1499 732 1554 et
744 1485 963 1557 tonitruum
979 1488 1186 1584 plurimum
1276 1502 1279 1507 “

169 1624 209 1681 et
232 1610 349 1680 iactus
375 1608 577 1680 fulminum
598 1607 745 1681 crebros
771 1614 912 1704 experti
936 1626 1065 1693 esse'n‘t.
1090 1618 1189 1683 Nam

128 1724 130 1733 ¹
176 1746 216 1805 'et
240 1759 349 1807 voces
381 1734 537 1806 incertas
571 1752 781 1807 resonantes
814 1734 1004 1807 audierant
1034 1755 1073 1808 et
1105 1759 1191 1833 por·

172 1853 343 1932 'tentuosa
360 1853 396 1909 (ὅ)
422 1860 593 1954 plurima
609 1858 832 1931 eiuscemodi
859 1863 1000 1962 experti
1025 1852 1140 1933 erant.

181 1986 191 1997 ’
247 1974 446 2062 LXXVllI.
473 1984 547 2056 Ubi
573 1998 660 2056 v'ero
687 1987 761 2056 iam
781 1985 827 2058 ad
843 1986 1046 2058 Prasiacam
1055 1987 1195 2059 adven·
1226 1981 1365 2039 Prasiacae

174 2107 323 2192 tabairt,
363 2111 662 2207 Tympanimque
694 2107 846 2196 flumen,
892 2113 991 2208 quod
1026 2068 1380 2230 ἆίερεηίῑίἓξᾞξί

175 2234 388 2307 huiusmodi
415 2214 642 2320 conlimitia,
669 2237 907 2322 transierant,
934 2242 1102 2336 conperit
1123 2239 1195 2311 ibi·

178 2358 262 2430 dem
279 2360 317 2409 (¹³
344 2386 453 2452 super
478 2359 734 2456 magnitudine
760 2362 836 2426 eius
867 2362 986 2454 gentis
1022 2386 1064 2432 ac
1101 2342 1196 2460 reglis

179 2482 349 2577 potentia
380 2481 445 2575 qui
481 2479 667 2549 Prasiacae
704 2479 897 2570 potiretur.
947 2482 1094 2581 Quippe
1129 2484 1201 2554 ista

180 2607 348 2676 ¹Prasiaca
371 2621 524 2701 propter
550 2624 730 2673 oceanum
756 2601 844 2684 site,
881 2626 955 2696 quo
982 2603 1026 2675 de
1060 2606 1202 2700 reliqua

184 2729 381 2800 hominum
406 2726 742 2810 turbaremotior,
768 2727 840 2799 hoc
860 2726 906 2798 ad
922 2715 1203 2801 multitudinem

185 2880 336 2953 quoque
370 2857 505 2953 largius
543 2855 649 2926 vivit.
699 2846 865 2926 Addebat
898 2871 1021 2927 autem
1036 2855 1074 2907 (θ)
1104 2855 1203 2927 fama

185 2999 247 3054 tot
272 2983 553 3077 elephantorum
587 2979 700 3051 etiam
732 2978 837 3050 milia
872 3004 947 3071 esse
965 2979 1074 3092 regi,
1113 2996 1207 3075 quot

166 3106 290 3204 ¹apud
313 3109 405 3180 alios
430 3109 649 3239 plerumque
673 3129 780 3199 super
811 3054 1026 3211 hominibus
1052 3107 1207 3178 ment-ia·

128 3340 131 3377 3
219 3360 259 3411 (a)
277 3357 341 3404 cod.
359 3358 469 3403 videtur
492 3356 591 3402 habere
610 3353 845 3403 calciamentorum.
880 3350 919 3408 (b)
945 3358 983 3400 Ita
1010 3354 1070 3401 eod.
1097 3355 1157 3400 hoie
1184 3360 1213 3402 et

191 3445 250 3490 otp-
267 3446 351 3478 xxxi.
370 3434 412 3477 Sic
429 3432 525 3489 legitur
540 3441 725 3488 nwnreruorus,
744 3444 895 3480 montuosus.
929 3433 964 3485 (c)
981 3432 1047 3477 cod.
1064 3440 1161 3477 eamn.

128 3628 130 3665 ἶ
237 3638 287 3720 (ὁ)
310 3647 384 3716 Ergo
412 3648 525 3719 epistola
548 3650 700 3705 Alexandri
727 3647 761 3700 ad
784 3648 963 3702 Aristotelem
984 3647 1084 3718 soripta
1105 3648 1215 3702 videtur

184 3743 262 3803 ¹post
277 3734 330 3783 hoo
344 3732 412 3797 iter,
432 3736 559 3804 quoniam
576 3737 605 3788 in
620 3755 651 3789 eo
668 3735 768 3804 scripto
781 3733 819 3787 uit
839 3724 996 3788 Alexander
1010 3753 1066 3786 non
1084 3735 1168 3793 semel
1187 3751 1216 3785 u

158 3808 307 3873 ¹,venisse
330 3816 358 3869 in
376 3819 536 3875 Prasiaoam.
574 3822 677 3877 confer
698 3819 779 3875 huius
799 3810 865 3875 libri
888 3818 978 3892 capita
996 3833 1091 3878 xxm.
1112 3830 1223 3881 xxm.
1248 3824 1255 3838 ‘

201 3900 317 3958 xixrv.
339 3917 467 3965 xxxta.
489 3919 581 3973 mn.
