2776 4934
350 460 389 521 36
706 457 1004 527 ITINERARIVM

349 653 533 701 venenum
559 627 713 700 noxium
727 627 881 713 dicens,
915 631 1047 704 litteris
1081 600 1203 732 regem
1227 637 1287 706 uti
1314 637 1366 710 le·

347 755 415 825 tali
426 732 467 806 <⁴l
482 751 713 850 prohibebat.
754 761 850 851 Quas
869 753 933 825 ubi
948 757 1151 831 Alexander
1168 763 1366 834 hausturus

348 884 555 952 excucurrit
576 873 633 964 (ὅ),
671 881 834 950 chartam
865 880 1011 955 medico
1035 882 1226 982 legendam
1254 884 1364 969 dans,

346 1005 436 1077 ilico
459 1006 538 1101 ipse
553 1005 729 1100 poculum
752 1003 922 1102 stringit,
949 1031 1095 1101 unaque
1111 1011 1248 1081 vitium
1264 1037 1365 1084 mor·

348 1129 388 1200 bi
411 1147 447 1201 et
473 1130 676 1202 calumniae
692 1128 818 1200 diluit:
846 1128 1055 1237 docuitque,
1081 1136 1262 1207 amicitias
1278 1163 1363 1231 pro·

345 1247 449 1326 batas
473 1255 668 1329 secundam
691 1281 768 1329 non
791 1252 952 1348 recipere
979 1254 1297 1336 deliberationem.

180 1412 185 1421 ·
214 1420 337 1475 Alexan-
399 1383 551 1451 XXXI.
577 1385 665 1452 Post
693 1380 733 1451 id
753 1403 907 1479 magnae
935 1403 1040 1450 curae
1061 1383 1267 1458 Alexandro
1292 1387 1365 1459 fuit

172 1505 220 1557 ‘1⁸1
250 1506 335 1604 9³5⁰
349 1506 516 1580 Ciliciam
538 1529 686 1600 quoque
710 1491 814 1580 omni
833 1505 997 1577 hostium
1021 1507 1257 1604 interpellatu
1278 1539 1362 1607 pur·

171 1603 296 1648 ‘'mm‘'
345 1657 440 1732 gare.
498 1635 652 1723 lamque
676 1631 822 1702 Mallon
846 1629 977 1703 urbem
998 1635 1190 1728 appulerat
1212 1636 1362 1710 Ciliciae

344 1784 421 1830 non
441 1755 661 1855 ignobilem,
698 1781 785 1826 cum
807 1755 941 1826 Darius
963 1758 996 1826 ei
1020 1756 1260 1832 adnuntiatur
1282 1788 1360 1835 om·

344 1883 387 1952 ni
405 1903 490 1949 cum
505 1875 595 1946 belli
610 1893 785 1967 apparatu
798 1874 921 1947 abesse
939 1876 1046 1948 bidui
1063 1883 1166 1954 viam
1183 1883 1227 1955 (θ).
1245 1892 1360 1982 Quae

345 2029 402 2075 res
414 1996 634 2072 Macedonas
655 1998 785 2069 itinere
806 2022 1014 2092 praeversos
1039 2023 1184 2079 tantum
1207 2010 1360 2084 inbelli

346 2127 514 2200 ardorem
537 2148 600 2218 spe
613 2140 866 2218 praesumptae
886 2125 1062 2199 victoriae
1076 2130 1191 2217 levat,
1218 2153 1262 2206 ut
1275 2137 1356 2233 ipso

345 2251 459 2324 biduo
485 2265 720 2348 gravarentur
743 2273 845 2319 mora
877 2269 913 2322 et
933 2253 1066 2326 taedio.

213 2445 320 2496 concur
421 2381 567 2448 XXXII.
604 2380 725 2444 lssum
748 2373 906 2470 denique
936 2394 1355 2475 uterqueconcurrunt,

169 2529 239 2581 mur
251 2529 334 2581 adn·
347 2506 536 2598 aciemque
559 2505 720 2598 'angustis
746 2499 820 2571 loci
846 2500 1012 2575 faucibus
1038 2524 1192 2577 struunt.
1235 2516 1355 2604 Atque

168 2615 334 2751 ἶξῖἑῃξοῑ*
343 2631 403 2699 hic
426 2652 510 2699 sane
531 2649 662 2721 operae
676 2626 837 2720 pretium
858 2625 973 2710 foret,
1007 2631 1037 2702 si
1060 2630 1172 2703 modo
1191 2653 1359 2730 suscepta-

168 2781 308 2838 mutaris.
344 2758 453 2849 opera
474 2769 679 2848 pateretur,
706 2751 842 2824 referre
867 2753 906 2824 in
933 2756 1070 2827 milites
1091 2757 1278 2851 utrimque
1300 2785 1354 2831 re·

341 2879 436 2980 galia
466 2879 720 2949 incitamenta:
755 2895 798 2947 nt
821 2878 908 2947 hinc
935 2880 1082 2951 Graecis
1110 2882 1262 2951 ultionis
1293 2908 1356 2954 ne·
1384 2970 1387 2975 Ι

342 3003 486 3076 cessitas
518 3001 613 3070 dicta
636 3001 694 3070 ¹sit
710 3035 713 3039 ·
727 3017 763 3070 et
787 3001 843 3069 sui
875 2998 1031 3095 dignitas
1057 3018 1094 3070 et
1125 3002 1356 3095 praeiudicia

341 3128 529 3206 fortunae;
565 3140 602 3194 at
627 3139 753 3193 contra
778 3123 893 3199 Persis
919 3120 1127 3221 adrogantia
1153 3123 1355 3203 ventilata:

340 3278 427 3327 cum
449 3271 593 3322 summa
606 3243 737 3341 'utrubi
757 3244 888 3329 fuerit,
913 3246 1028 3318 vitam
1047 3247 1126 3319 illic
1144 3249 1357 3344 relinquen.

341 3378 427 3452 dam
447 3374 545 3450 unde
569 3396 644 3445 non
671 3370 827 3443 victoria
852 3392 1073 3468 sequeretur.
1364 3470 1367 3477 Ι

414 3506 579 3579 XXXIII.
614 3497 790 3593 Quamvis
812 3498 1014 3570 Alexander
1037 3503 1258 3574 Hammonis
1284 3528 1352 3577 nu·

338 3626 460 3710 mine,
487 3644 530 3698 ut
543 3642 690 3722 paterna
714 3623 769 3693 sui
791 3625 1066 3719 procuratione,
1091 3627 1131 3696 in
1151 3653 1254 3724 spem
1270 3648 1352 3701 ute·

339 3769 441 3824 retur
460 3751 592 3823 militis
610 3748 767 3821 creduli:
796 3752 973 3846 quoniam
988 3777 1043 3824 res
1057 3750 1098 3820 (0²)
1123 3755 1259 3827 securis
1277 3756 1352 3827 Dei

336 3945 1355 3997 ·““’““““““·“““““““““““·.“““···Ὶ,’·-·“···“““““““““

362 4053 402 4102 (a)
419 4048 480 4096 cod
498 4046 597 4097 onan.
628 4042 663 4105 (l)
681 4056 719 4099 lta
736 4053 796 4099 cod.
823 4057 857 4106 (c)
875 4056 938 4102 001.
956 4059 1010 4105 aia·
1041 4055 1083 4110 (d)
1098 4058 1161 4105 cod·
1177 4072 1215 4105 rc·
1317 4022 1323 4039 ο

1296 4168 1328 4217 'rs
