2776 4934
440 391 638 453 rnarano
1009 347 1069 452 ,γ’

12 569 184 638 utpute,
211 558 369 617 sustinuit
394 570 445 617 tot
468 554 585 638 scripta
603 576 664 639 pur
686 555 778 632 andi,
800 571 986 641 tantamque
1004 554 1045 617 li·

10 639 171 702 bidinem
195 641 373 703 resecandi.
405 641 626 715 Onesicritus,
677 642 854 718 litarohus,
879 640 1046 702 Callisthe-

12 747 102 802 neS,
127 722 264 803 Chares,
287 728 534 814 Megasthenes,
556 726 680 802 Duris,
703 727 916 802 Daimachus,
939 729 1046 788 Mem·
1109 723 1114 731 ⁵

13 834 113 886 non,
142 810 320 900 Hegesias,
348 814 495 897 Aesopus
519 812 639 894 aliique
662 827 847 897 perveteres
866 812 1044 873 Alexandri

18 899 87 960 sori
112 911 224 972 tores,
256 891 406 982 portenta
428 899 548 960 litteris
566 898 876 962 commendaverunt.
929 898 1044 982 Itaque

18 999 55 1043 et
105 1005 192 1043 aesar
210 980 353 1043 Iulianus
371 1007 429 1043 res.
440 982 614 1044 Alexandri
633 984 759 1069 poetica
784 984 913 1043 licentia
932 983 970 1043 ab
991 984 1042 1043 his

20 1084 196 1128 exornatas
216 1069 415 1132 existimavit
432 1071 484 1131 (¹).
528 1069 604 1152 Ipse
623 1068 850 1144 Aristobulus,
873 1091 968 1153 quem
995 1083 1044 1128 ta·

18 1177 97 1215 men
116 1154 270 1213 Arrianus
285 1157 323 1214 in·
336 1158 446 1239 paucis
463 1155 660 1230 miraturo),
680 1153 853 1229 Alexandri
872 1177 921 1213 res
938 1151 1046 1213 eidem

18 1240 154 1303 viventi
171 1239 297 1326 legens,
321 1241 360 1300 ab
388 1263 425 1301 eo
445 1254 579 1326 propter
599 1237 722 1300 fabulas
748 1237 823 1298 non'
838 1240 905 1298 sine
929 1253 1043 1298 stoma-

21 1324 84 1385 cbo
111 1325 249 1384 reiectus
276 1324 413 1386 traditur
439 1331 491 1387 (Β),
540 1324 628 1407 Quid
654 1327 839 1410 aequiorum
865 1339 1044 1407 temporum

22 1409 251 1479 credulitatem
269 1432 325 1491 seu
342 1413 453 1496 potius
471 1413 621 1500 figmenta
639 1410 787 1471 narrem?
819 1408 911 1493 Opus
936 1424 1044 1468 nostra

21 1510 131 1555 aetate
161 1495 355 1579 praeclarum
386 1498 518 1558 molitus
556 1510 605 1554 est
635 1497 671 1555 in
706 1496 807 1556 Gallia
840 1494 1043 1554 doctissimus

23 1580 262 1640 Sancticrucius
292 1582 347 1664 qui
381 1580 496 1642 critici
531 1580 724 1663 copiosdque
757 1581 796 1639 de
831 1576 1044 1662 scriptoribus

21 1664 202 1726 Alexandri
226 1665 415 1744 quaestione
435 1667 588 1723 instituta
605 1664 740 1725 multam*
748 1663 925 1724 fabularum
947 1678 1043 1745 atque

25 1771 173 1810 errorum
191 1747 335 1806 illuviem
358 1747 511 1821 detersit,
533 1763 679 1830 tempora
699 1750 889 1824 constituit,
912 1770 1045 1835 geogra-
1088 1814 1093 1824 Ι

22 1835 135 1921 phiam
157 1830 327 1905 restituit,
361 1846 459 1914 atque
488 1831 704 1890 illustrissima
729 1834 810 1891 luce·
825 1834 903 1892 banc
923 1849 1043 1890 veteris

23 1918 185 1983 historiae
215 1929 335 1998 partem
367 1916 514 2000 aspersit.
568 1915 665 1975 Nunc
692 1931 797 1977 autem
827 1918 1043 2004 gratissimum

25 2000 163 2064 eruditis
188 1998 259 2061 fore
280 2023 486 2086 auguramur,
510 2000 597 2085 quod
617 2003 741 2085 priscus
761 2002 882 2062 Auctor
902 2003 1042 2062 Alexan·

27 2088 81 2149 dri
100 2088 270 2147 historiam
287 2089 373 2145 omni
391 2108 499 2147 errore
516 2088 773 2177 purgatissimam
796 2087 928 2148 adferat.
961 2086 1043 2146 Sane

25 2176 215 2252 Anonymus
231 2176 284 2255 (ut
299 2174 414 2256 cuique
432 2171 584 2257 prudenti
598 2171 774 2258 constabit)
790 2171 930 2232 studium
950 2193 1042 2237 suum

27 2259 68 2320 ad
88 2257 123 2318 id
141 2259 345 2342 potissimum
362 2258 476 2346 dirigit
496 2258 583 2342 quod
599 2259 796 2318 simillimum
811 2260 880 2321 veri
899 2258 1042 2332 videtur,

26 2359 181 2428 tantaque
205 2344 307 2427 specie
332 2344 482 2406 veritatis
503 2342 637 2421 scribit,
660 2358 697 2403 ut
715 2364 845 2429 prorsus
871 2345 975 2427 rapiat
995 2343 1042 2403 le-

23 2431 136 2517 gentis
163 2449 336 2488 assensum.
380 2427 547 2491 Modestia
572 2432 641 2514 ipsa
672 2444 704 2488 et
731 2429 856 2490 candidi
882 2427 1041 2515 professio

26 2516 126 2575 animi
143 2513 237 2574 fidem
260 2515 394 2575 Auctori
413 2515 561 2574 conciliat
576 2520 626 2575 (4).
664 2515 765 2597 Quam
782 2530 963 2602 arroganter
982 2514 1043 2574 Ar·
1060 2547 1066 2567 ι

24 2601 136 2659 rianus
162 2599 220 2659 sub
239 2600 338 2658 initio
360 2599 512 2659 historiae
533 2601 698 2683 ingenium
720 2622 810 2659 suum
834 2615 866 2659 et
885 2621 986 2686 genus
1010 2613 1043 2658 et

22 2685 163 2771 patriam
183 2698 215 2742 et
236 2684 376 2743 bonores
394 2699 427 2740 et
444 2684 568 2742 litteras
592 2685 687 2742 iactat
702 2683 759 2742 (⁵)l
792 2685 825 2742 ls
847 2682 1062 2773 quidemfob..

25 2791 98 2830 eam
119 2769 243 2852 ingenii
260 2768 427 2829 levitatem
447 2765 595 2824 omnihus
620 2765 756 2824 eruditis
777 2769 867 2827 risui·
881 2783 941 2826 est.
982 2768 1045 2828 Ast
1083 2774 1092 2797 '·

22 2856 219 2930 Anonymus
245 2851 444 2933 prooemium
471 2872 562 2910 suum
594 2850 673 2910 miro
692 2850 813 2932 pudore
847 2855 1042 2940 conspergit.

25 2943 112 3000 Tum
130 2935 219 3020 quod
238 2936 365 2997 externi
386 2936 511 3023 ingenii
528 2936 650 2995 nitatur
667 2936 806 3011 viribus,
828 2937 878 2997 vir
898 2936 1042 2998 sincerus

24 3023 122 3087 fateri
149 3020 272 3082 mavult
283 3021 343 3096 (⁶),
365 3043 404 3080 ne
430 3020 579 3082 videatur
604 3022 720 3081 tacitus
745 3023 847 3084 aliena
869 3024 1041 3107 surripere.

23 3108 141 3194 Neque
161 3121 266 3166 tamen
294 3128 327 3165 se
345 3107 458 3167 alienis
478 3105 775 3184 adfirmationibus,
799 3110 861 3170 etsi
886 3107 1042 3191 probalit

1003 3242 1017 3269 ἱ

68 3371 112 3442 (1)
138 3366 215 3424 Orat.
243 3364 267 3419 1.
290 3368 317 3419 in
337 3364 471 3423 Constant.
497 3369 531 3421 ed
561 3371 636 3441 Lips·
658 3389 702 3424 sn.
727 3381 882 3424 Mncxcvt.
916 3373 948 3423 T.
972 3372 994 3424 Ι.
1016 3388 1042 3440 p.

33 3461 73 3504 to.
91 3459 123 3510 B.

77 3535 119 3606 (t)
139 3539 256 3593 Praefat.
283 3539 380 3608 operis.

79 3621 123 3691 (t)
143 3627 275 3679 Lucienus
292 3621 425 3692 'quomodo
448 3621 582 3676 scribenda
606 3625 641 3676 sit
662 3625 770 3678 historia
794 3644 858 3696 nep.
880 3641 933 3678 xrr.
960 3640 1040 3698 quem

28 3707 125 3765 locum
149 3727 196 3762 nos
217 3707 406 3778 adscripsimus
433 3709 467 3760 ad
491 3711 555 3761 Iulii
570 3709 674 3760 Valerii
694 3709 742 3760 lib.
768 3715 820 3766 III.
849 3730 905 3782 cap.
927 3727 979 3764 111.

74 3793 121 3864 (4)
145 3794 264 3847 Itinerar.
282 3810 339 3867 qt.
357 3794 397 3847 11.

72 3879 118 3950 (s)
142 3880 206 3934 Lib.
229 3883 250 3932 Ι.
274 3889 316 3932 12.
626 3933 628 3936 Α
714 3882 725 3907 ‘

71 3966 118 4036 (6)
139 3967 262 4020 Itinerar.
283 3984 341 4036 cap.
365 3967 402 4017 Π.

1065 3486 1088 3517 π,
