2776 4934
334 427 395 488 158
619 425 887 489 ALEXANDRI
914 426 1053 488 oltTvs

332 597 545 681 ,obviantes
560 614 778 692 conpertum
793 593 840 667 ad
856 622 933 667 sese
950 595 1123 695 dirigere:
1150 620 1229 668 esse
1248 596 1351 669 euim

332 723 436 821 ,regi
461 722 676 805 consilium,
710 723 768 792 uti
793 719 956 792 adfectus
980 719 1195 793 verberibus
1229 725 1350 818 pueri-

265 872 268 877 ’
332 832 353 931 ,ζ
358 828 455 917 libus
482 848 709 952 amictusque
733 864 819 944 post
851 865 952 918 reste
975 870 1158 941 purpurea
1182 871 1274 918 cum
1299 864 1348 919 ta·

167 2231 277 2288 Litterae
287 2246 328 2282 sa-

164 2331 302 2388 trapetum

164 2400 328 2459 adDarium.

191 3637 270 3692 Darii
289 3655 334 3693 ro-

128 3712 133 3721 ’
170 3741 309 3795 sponsum.

334 973 464 1058 ,bellis
491 993 529 1045 et
552 973 782 1068 crepitaculis
806 972 916 1043 matri
950 970 1140 1043 reddatur:
1167 972 1225 1044 sic
1249 975 1349 1045 euim

334 1097 607 1182 ,Macedonum
632 1122 764 1191 pueros
789 1098 948 1170 lusitare.
974 1103 1072 1167 Tum
1089 1095 1171 1169 fore
1196 1115 1242 1168 ut
1266 1123 1350 1171 cum

335 1223 418 1306 ,illi
442 1222 645 1317 praefectus
671 1220 716 1292 ad
730 1222 999 1295 observantiam
1017 1222 1349 1318 disciplinael’ersa

335 1348 492 1441 ,aliquis
520 1348 778 1445 comitaretur,
804 1351 911 1423 virile
937 1347 1109 1420 officium
1125 1349 1266 1423 rectius
1284 1348 1352 1423 dis·

336 1493 469 1560 ,cerea
496 1475 613 1573 Igitur
636 1492 809 1568 oportere
840 1491 999 1568 satrapas
1024 1472 1175 1568 quidem
1200 1476 1351 1549 classem

336 1601 439 1683 ,eius
463 1624 536 1671 una
562 1624 647 1685 cum
669 1599 807 1671 navitis
832 1600 908 1670 alto
934 1598 1187 1696 submergere,
1215 1602 1350 1673 milites

336 1750 449 1808 ,vero
475 1742 626 1795 cunctos
653 1723 750 1795 ferro
775 1725 919 1797 vinctos
953 1723 1000 1796 ad
1024 1721 1128 1795 rubri
1159 1729 1282 1799 maris.
1303 1730 1350 1799 ul·

336 1854 497 1935 ,teriora
529 1850 732 1933 transduci,
772 1869 815 1920 ut
856 1851 936 1921 illic
968 1851 1089 1922 colere
1119 1849 1374 1924 iuberenturt'

338 2001 474 2070 ,equos
489 1994 678 2068 ceteraque
693 1975 859 2044 militum
883 1975 1149 2070 impedimenta
1167 1976 1244 2049 sibi
1257 1949 1346 2076 ipsos

338 2096 495 2183 ,babere
520 2101 645 2194 privos
670 2100 869 2194 amicisque
894 2102 1020 2200 largiri
1033 2118 1059 2175 t.

414 2229 542 2296 XLIX.
570 2222 643 2295 Sed
665 2223 764 2293 hisce
788 2225 922 2296 litteris
948 2226 1110 2318 nihilum
1138 2228 1188 2300 ad
1212 2246 1347 2323 metum

340 2366 503 2444 satrapae
540 2349 635 2419 moti
669 2349 745 2446 regi
777 2348 1014 2444 respondere:
1059 2359 1287 2451 „Hystaspes
1320 2372 1349 2427 et
1376 2422 1380 2427 .

339 2476 546 2569 ,Spynther
571 2480 651 2545 Deo
676 2474 790 2548 Dario
816 2478 973 2547 salutem
998 2477 1136 2557 dicunt,
1175 2482 1350 2553 Miramur

340 2601 466 2684 ,satia
493 2601 642 2671 latuisse
665 2617 720 2683 te,
747 2626 828 2685 rex,
856 2619 979 2673 tantae
1005 2604 1261 2679 multitudinis
1291 2606 1349 2677 im·

342 2743 492 2818 ,petum
508 2726 741 2819 supervenire
756 2727 995 2810 nostratibus,
1024 2733 1087 2823 qui
1104 2731 1232 2825 quales
1249 2756 1350 2829 quan·

342 2852 471 2945 ,tique
497 2852 570 2921 sint
589 2875 664 2944 quo
682 2850 825 2923 facilius
841 2854 1060 2938 noscitares,
1087 2855 1256 2952 quinque
1270 2880 1350 2954 quos

342 2975 465 3060 ,forte
488 2975 654 3044 indidem
681 2994 806 3071 captos
831 2977 1050 3050 haberemus
1074 2980 1221 3053 vinctos
1244 3001 1352 3055 nans

343 3101 552 3186 ,misimus
579 3123 656 3169 non
682 3103 761 3173 ausi
786 3126 917 3174 eorum
948 3105 1045 3176 ultra
1077 3106 1223 3202 aliquid
1260 3108 1354 3181 adin·

344 3198 513 3323 ,quirere
539 3249 631 3318 quae
656 3228 730 3297 sint
755 3227 918 3300 fortassis
935 3232 1012 3328 regi
1027 3232 1240 3324 praescitui.
1267 3232 1353 3307 Boni
1387 3297 1388 3306 ,

344 3352 481 3449 ,igitur
507 3352 692 3433 consules,
721 3357 1069 3450 quamprimumque
1083 3381 1171 3428 cum
1195 3360 1353 3433 exercitu

344 3478 427 3559 ,rel
451 3478 709 3572 potentissimo
737 3477 858 3549 eidem
884 3479 1087 3554 obviabis«.
1256 3470 1260 3477 ¹

420 3607 461 3671 L.
494 3601 564 3673 Sed
588 3628 656 3673 nec
682 3601 734 3674 sic
760 3603 910 3698 quidem
932 3606 1164 3679 abiciendam
1189 3611 1356 3685 mollien-

345 3727 527 3799 damve<⁶¹>
542 3728 686 3798 Darius
711 3734 955 3828 arrogantiam
986 3751 1102 3828 putat.
1154 3736 1274 3809 Enim
1297 3760 1355 3809 res·

371 4020 411 4070 (a)
428 4017 491 4065 cod.
508 4020 710 4079 moliendamoe,
727 4035 761 4069 ex
775 4037 829 4080 quo
846 4023 944 4073 faeere·
960 4030 1037 4075 enirn
1054 4028 1275 4080 amoliendam.
