2776 4934
366 118 426 261 a

414 452 688 532 ‚AfflxANDRl
1007 458 1052 531 aa

35 627 210 702 turbaret.
255 629 437 726 Eximque
461 623 718 702 laeva-habito
734 628 921 725 Euphrate
945 649 1052 703 mou·

34 754 208 850 tibusque
241 755 450 838 Armeniae,
496 778 564 848 pro
600 755 814 827 utensilium
847 755 1053 832 commodo

33 881 170 954 itinere
195 884 378 978 quaesito,
404 856 647 976 Babyloniam
669 879 852 958 tendebat.
1166 964 1170 973 ¹

109 1016 186 1085 LV.
214 1009 272 1080 Ibi
297 1010 525 1105 speculatore
551 1007 649 1080 forte
674 1007 877 1103 intercepto
897 1010 1052 1082 Alexan·
1103 1039 1228 1100 Mem.
1296 1014 1299 1021 ’

35 1133 123 1218 der,
162 1149 273 1231 quem
297 1136 337 1206 in
363 1137 431 1207 hos
457 1158 541 1205 usus
567 1134 639 1205 sibi
663 1133 799 1204 Darius
825 1125 1108 1221 ursnaverat‚‘³⁰¹
1118 1131 1226 1201 Tigrim

33 1262 157 1333 noscit
190 1289 276 1334 eum
310 1263 387 1332 iam
420 1261 564 1359 Pigreta
582 1258 629 1310 (¹)
665 1282 815 1329 amnem
846 1227 1204 1358 ορΡυΙίεεθνὲιῖΜ.

34 1387 244 1460 obsiturum
258 1389 399 1460 scilicet
420 1383 686 1457 transmissuris
705 1382 760 1454 ibi
784 1384 894 1484 longe
913 1389 1052 1460 auctio·

34 1541 75 1586 re
106 1516 267 1586 exercitu
293 1515 418 1585 animo
458 1535 697 1605 numeroque.
740 1518 877 1582 Verum
909 1535 994 1582 oum
1020 1514 1059 1590 is-

35 1641 194 1711 consilio
214 1657 359 1709 mutato
374 1635 505 1730 pedem
523 1634 568 1704 de
584 1660 691 1707 amne
707 1638 890 1727 retulisset
908 1661 929 1709 a
950 1657 1053 1740 tergo

36 1765 140 1835 hosti
160 1781 354 1843 venturus,
379 1759 583 1863 Aleuander
604 1762 772 1855 protinus
798 1786 884 1835 eum
909 1765 1054 1836 alveum

33 1890 168 1960 transit
192 1886 398 1983 praeruptis
424 1881 577 1954 difficile
600 1883 856 1979 superabilem.

55 2041 57 2044 ’
111 2021 205 2085 XVI.
237 2011 295 2084 Ibi
327 2035 479 2083 suorum
511 2007 651 2079 viribus
684 2008 836 2080 fotisst)
863 2029 900 2084 et
925 2014 971 2085 ad
994 2015 1059 2087 fu..
1094 2053 1226 2108 volitatio

11 2163 117 2249 ‘tura
142 2138 363 2238 praedoctis,
391 2157 520 2233 agmen
547 2133 624 2203 iam
650 2135 727 2204 acie
751 2142 955 2236 composita
984 2143 1125 2236 dumum
1160 2143 1228 2194 Per-

35 2266 152 2340 cebat.
194 2274 342 2362 Quarta*
355 2259 512 2354 denique
534 2257 593 2328 die
619 2259 763 2335 eminus
789 2291 811 2337 e
835 2242 1107 2341 celsioribusffi

34 2393 192 2488 speculis
222 2384 404 2485 equitibus
443 2383 680 2479 palabundis,
720 2406 762 2458 ut
797 2417 872 2463 sese
907 2394 1049 2477 videre,

36 2541 216 2589 concursu
234 2515 404 2610 protinus
425 2509 554 2580 habito
576 2534 659 2603 pars
685 2529 747 2581 aut
767 2514 967 2587 caeduntur
988 2537 1052 2590 aut

34 2643 221 2738 fugantur,
272 2636 341 2709 Sed
377 2632 534 2707 enimtb>
569 2638 724 2733 agminis
756 2641 900 2733 pondus
935 2646 1049 2718 Dario
1096 2680 1104 2693 =

34 2768 120 2862 ipso
153 2763 244 2834 duce
277 2762 473 2854 omnisque
501 2758 593 2830 belli
618 2779 807 2856 apparatus
839 2767 935 2838 haud
967 2795 1052 2864 pro·

32 2891 99 2964 cul
132 2888 298 2960 indidem
331 2883 550 2968 habebaturff
582 2910 654 2957 una
687 2885 859 2960 omnibus
884 2894 1054 2990 gentibus

28 3016 198 3092 barbaris
237 3040 329 3113 quae
354 3011 517 3084 nominis
557 3011 699 3084 alienae
726 3016 946 3087 nostratium
977 3020 1050 3091 sibi

30 3164 165 3221 mutuo
192 3138 398 3237 peramicae
432 3155 527 3208 sunt.
578 3145 779 3235 Erantque·
795 3143 857 3218 eis·
872 3166 1048 3219 numerus
1111 3168 1204 3244 copie

30 3273 72 3342 in
107 3294 178 3343 utu·
210 3266 379 3360 equitum
417 3262 570 3335 milibus
604 3267 891 3361 munitissimus,
940 3258 1203 3367 pedesfenarum

34 3419 119 3467 vero
145 3393 202 3464 his
235 3391 358 3462 tricies
391 3409 558 3478 tantum,
593 3391 720 3464 falcati
745 3418 872 3467 currus
899 3395 1049 3468 ducenti
1061 3355 1177 3417 pura.

65 3607 113 3658 (a)
130 3607 190 3653 cod.
203 3606 292 3662 sortis.
321 3600 365 3658 (b)
386 3602 449 3654 cod.
468 3601 568 3650 sedem.

32 3777 125 3833 latino
146 3780 236 3840 codice
248 3779 335 3833 facilis
354 3781 408 3833 fuit
423 3781 538 3834 mutatio
560 3799 578 3833 a
594 3779 623 3834 in
641 3800 676 3846 u,
698 3777 759 3832 eiu
775 3795 798 3829 c.
829 3775 911 3846 Apud
927 3772 1055 3853 Curtium

33 3866 122 3918 etiam
138 3877 179 3916 est
194 3864 343 3920 Mazaeus.
509 3911 512 3915 .

78 3950 124 4021 (1)
146 3952 252 4028 Nempe
272 3951 383 4033 Tigrim
402 3951 616 4021 Mesopotamia.
643 3948 775 4005 Arrianus
800 3949 900 4023 utque
924 3947 1051 4039 scribunt

30 4041 166 4114 Τίγρητα·
680 4080 682 4084 ⁴
