2776 4934
87 473 97 483 ,
172 399 233 464 154
459 392 728 458 stannum
749 390 888 457 uutvs

167 568 347 665 „proinde
373 566 521 640 avobis
547 563 749 671 enistimari
772 582 816 635 ut
840 560 960 636 verbis
985 564 1103 636 etiam
1128 589 1188 636 ex·

166 695 412 790 „primuntuu
464 691 568 763 Malo
611 690 711 761 enim
751 712 821 764 nos
852 704 1186 785 praesuspectantes

166 800 341 913 {aliquidl
356 816 608 900 difficultatis,
645 817 776 889 animis
802 814 934 889 fortius
959 815 1185 911 praeparatis

166 945 229 1029 >‚in
254 970 332 1015 rem
358 943 530 1018 bellicam
547 941 678 1013 vadere
690 941 747 1028 (α),
775 966 886 1039 quam
910 938 1046 1043 fifiuoiu
1071 940 1183 1013 hosti·

165 1094 254 1153 „um
285 1043 504 1141 moltio'rum
541 1069 747 1164 inopinatas
789 1065 1002 1140 offendere
1023 1062 1179 1137 difficul-

163 1211 312 1279 „tates«.
357 1212 367 1225 “
511 1288 515 1294 .

32 1317 154 1417 Alexan:
239 1327 366 1399 XLIV,
399 1328 447 1391 Et
477 1318 543 1390 ubi
576 1320 665 1390 haec
700 1317 797 1389 dicta
830 1336 915 1389 sunt
952 1315 1095 1411 corripi
1128 1314 1179 1385 in·

0 1406 368 1559 {atfflternuntios
394 1445 497 1516 iubet
524 1418 764 1539 crucibusque¹
789 1441 923 1543 suffigi.
964 1444 1080 1517 Cuius
1101 1468 1180 1539 sup·

4 1575 60 1627 ’ἰθὺ
162 1575 268 1671 plicii
297 1571 427 1642 merita
467 1597 553 1643 cum
586 1594 712 1641 a-sese
746 1567 893 1641 barbari
930 1567 1177 1652 defensarent,

162 1698 205 1771 ac
231 1700 286 1769 ius
308 1698 500 1797 legationis
519 1697 780 1767 intemeratum
799 1694 872 1767 sibi
892 1698 1055 1781 vellent3
1082 1703 1175 1780 Non,

161 1826 283 1920 inquit
308 1816 529 1903 Alexander,
557 1847 602 1892 ex
618 1823 798 1893 sententia
822 1823 882 1892 vel
897 1810 1068 1895 muribus
1091 1823 1174 1895 meis

162 1966 217 2018 est
250 1947 370 2016 forma
403 1945 586 2040 praecepti
593 1970 605 2026 3
643 1946 743 2018 enim
780 1948 957 2042 quoniam
989 1966 1037 2020 ut
1060 1946 1110 2021 ad
1131 1950 1173 2019 la·

160 2089 307 2141 tronem
340 2095 360 2139 a
394 2069 500 2148 vobis
534 2073 602 2142 ista
637 2089 801 2166 suscepta
837 2073 972 2172 legatio
1009 2092 1085 2157 est,
1123 2050 1170 2145 uti

159 2197 313 2266 latronis
339 2195 452 2264 etiam
478 2193 749 2265 vehementiam
769 2195 1083 2295 iniquitatemque
1102 2224 1172 2271 seu·

159 2323 271 2401 tiatis,
323 2329 422 2393 Tum
457 2321 533 2402 illi,
570 2345 638 2391 nec
667 2321 823 2392 Darium
849 2323 974 2394 omnia
1010 2350 1082 2420 pro
1108 2351 1174 2397 me·

158 2449 233 2520 rito
261 2448 339 2518 eius
364 2446 552 2541 potentiae
569 2446 802 2545 cognovisse,
831 2465 868 2519 et
890 2472 928 2518 se
946 2449 1171 2549 pariteropi·

157 2574 270 2644 nione
301 2572 470 2666 deceptos
503 2597 579 2643 esse
623 2596 710 2642 cum
743 2569 924 2656 dicereut3
970 2576 1170 2678 magnificis

157 2697 281 2770 verbis
314 2698 391 2767 eius
427 2697 627 2768 exercitum
660 2696 869 2793 praedicare
897 2699 1076 2799 viresque
1100 2728 1170 2777 coe·

157 2849 244 2919 pere
269 2819 439 2894 confiteri
464 2838 602 2905 tantas,
630 2841 782 2918 quantas
807 2823 839 2896 si
862 2848 926 2896 rex
953 2849 1108 2924 quoque
1127 2854 1170 2901 se·

158 2949 247 3020 dnlo
283 2947 503 3031 rescivisset,
537 2947 817 3049 moderaturum
848 2950 1020 3046 profecto
1055 2956 1168 3029 verbis

155 3076 277 3147 fuisse.
328 3079 426 3144 Tum
450 3073 652 3145 Alexander
659 3099 671 3155 3
705 3099 825 3169 neque
857 3074 929 3147 sibi
962 3104 1101 3155 verum
1124 3085 1170 3154 iu·

155 3198 455 3274 terficiendorum
480 3201 677 3270 hominum
703 3192 899 3273 consilium
922 3201 1040 3279 fuisse
1066 3208 1167 3305 profi·

153 3346 272 3409 tetur,
312 3342 349 3396 et
370 3320 544 3395 'maluisse
569 3326 693 3419 potius
718 3324 910 3399 o‘stendere
936 3329 1031 3425 quid
1057 3335 1166 3431 inqui·

153 3470 209 3525 tas
229 3452 345 3525 soleat
369 3468 631 3544 tyrannorum,
660 3474 772 3545 quam
788 3453 929 3525 iustitia
945 3480 1083 3555 graeca
1096 3486 1164 3559 per·

152 3597 289 3651 mtttat.

32 3680 140 3739 Deinde
226 3709 333 3776 XLV.
373 3709 422 3775 Et
452 3720 538 3798 post
571 3704 660 3816 naec
692 3703 809 3773 curari
842 3705 1012 3782 homines
1040 3708 1161 3786 libera·

0 3768 142 3923 gqqmp:
151 3827 223 3899 lius
247 3827 352 3900 iubet
376 3830 647 3926 participatque
673 3828 844 3903 convivio
877 3818 1014 3927 dapsili
1050 3856 1090 3911 et
1118 3834 1159 3911 af·

1 3963 5 3969 ⁴
14 3952 21 3989 i

183 3999 223 4051 (a)
238 3996 299 4043 cod.
319 3996 423 4047 vadare.
