2776 4934
332 389 371 457 o'l
684 397 981 468 ITINERARIVM

329 565 414 639 bem
446 569 591 669 agmine
623 569 771 643 turbido
788 569 829 622 (θ)
861 569 1058 656 interfluit,
1090 571 1225 642 transit
1261 571 1348 643 Ale·

329 693 465 765 rander
496 696 663 790 nihilque
688 698 878 792 opinantes
904 694 1108 771 obtruncat.
1156 702 1276 768 Tune.
1295 721 1348 768 se·

329 843 415 890 cure
446 819 550 894 urbis
582 823 659 895 eius
684 823 847 917 potitum
881 848 919 893 se
943 841 1039 895 ratus
1073 825 1198 894 animo
1228 820 1349 915 deier-

329 963 441 1016 verat.
491 951 620 1042 Neque
644 947 781 1041 inpune
807 944 846 1016 id
871 965 935 1018 aut
960 948 1160 1021 modestiae
1185 946 1348 1019 merito:

330 1072 461 1142 acriter
482 1073 582 1142 enim
605 1073 748 1144 incolae
766 1076 976 1173 congregati
997 1076 1093 1145 inter
1112 1071 1261 1168 primos
1284 1072 1349 1169 qui

329 1197 518 1292 inruperat
544 1199 787 1271 Alexandrum
813 1224 960 1295 quoque
979 1224 1065 1270 saxo
1092 1213 1202 1291 caput
1229 1200 1349 1296 gravi·

330 1339 386 1392 ter
401 1325 605 1396 vulnerant.
638 1324 708 1397 Sed
724 1348 801 1396 non
826 1348 870 1394 eo
890 1325 1006 1395 secius
1023 1321 1058 1373 (ὅ)
1084 1323 1251 1395 inritatis
1266 1349 1347 1420 pro·

215 1526 223 1541 .
310 1450 431 1551 ¹tinus
455 1451 599 1521 Graecis
624 1450 766 1546 capitur
791 1449 917 1520 civitas
941 1440 1195 1545 vastaturque,
1227 1453 1347 1526 nihilo

271 1608 274 1615 ·
331 1575 454 1646 minus
480 1600 562 1674 rege
586 1575 626 1645 in
650 1600 761 1670 opere
785 1574 975 1653 fervente·
999 1581 1098 1672 Quae
1123 1599 1216 1646 vero
1242 1576 1348 1673 septi·

332 1725 394 1773 ma
410 1700 538 1771 civitas
557 1701 717 1796 exempli
732 1717 835 1773 metu
855 1700 901 1771 ad
920 1698 1140 1772 modestiam
1156 1697 1271 1779 ducta
1287 1720 1345 1774 est.
1382 1706 1384 1713 '

390 1831 604 1898 LXXXIV.
629 1833 767 1895 Verum
789 1827 841 1895 sic
859 1825 895 1876 (⁶)
921 1849 1066 1920 quoque
1081 1825 1346 1899 Maracundam

160 1907 324 2045 dnfflss
334 1947 541 2031 contendit,
567 1946 634 2017 ubi
658 1950 715 2018 sui
740 1945 962 2022 obsederint)
986 1948 1207 2019 nuntiantur
1224 1950 1280 2036 (θ),
1315 1969 1346 2025 et

160 2078 234 2128 naim
256 2077 324 2128 aedi-
335 2091 520 2172 praeterea
559 2072 718 2164 *Scythae
756 2089 855 2143 trans
896 2072 1051 2143 Tanaim
1088 2073 1344 2149 obturbabant

161 2162 324 2302 marah
337 2207 455 2297 Quare
480 2198 554 2267 suis
580 2197 677 2294 legat
701 2221 859 2292 propere
880 2198 1074 2292 suppetias.
1113 2206 1196 2295 Ipse
1223 2203 1361 2283 vicesi.

308 2356 318 2385 ι
336 2350 396 2396 ma
413 2322 474 2393 die
483 2318 616 2392 urbem
631 2347 742 2416 quam
757 2324 968 2418 praecoepit
981 2321 1157 2410 substruit
1173 2323 1215 2376 (¹)
1232 2322 1352 2424 poeni¹

337 2448 566 2544 captivorum
588 2471 672 2518 usus
699 2446 746 2519 ad
772 2446 893 2544 operis
919 2445 1194 2520 festinationem
1221 2454 1286 2535 tali
1306 2455 1343 2524 iu

336 2597 504 2671 tempore
528 2571 741 2645 necessarii:
778 2571 871 2644 datis
894 2572 1029 2646 incolis
1053 2599 1143 2668 quus
1166 2595 1267 2650 aetas
1283 2597 1342 2651 aut

337 2705 490 2774 vulnera
512 2697 815 2794 deprecabantur,
842 2700 933 2772 item
943 2698 988 2755 (f)
1005 2699 1180 2771 militiam
1192 2708 1340 2780 nolenti·

337 2829 405 2900 bus
429 2844 492 2897 aut
516 2828 629 2896 etiam
651 2826 918 2919 nequeuntibus
942 2826 1042 2900 etin
1063 2826 1104 2897 id
1125 2825 1272 2905 idoneis
1295 2856 1342 2931 pe

337 2973 421 3025 r1t1a
441 2976 739 3023 necessarlorum.

180 3097 324 3171 Expedita
412 3080 587 3151 LXXXV.
614 3083 752 3146 Verum
771 3071 1051 3146 imminentibus
1067 3073 1207 3166 Scythis
1223 3103 1361 3178 supa»

163 3186 192 3239 ³¹¹
212 3187 324 3256 ⁵⁰51¹¹³⁸
338 3204 403 3288 be,
437 3202 469 3272 is
499 3206 626 3295 (saepe
637 3199 676 3258 (ὅ)
702 3214 878 3268 conatum
901 3223 985 3267 cum
1006 3196 1179 3270 sacrificia
1193 3208 1346 3285 cohibe

162 3284 244 3410 :gili
269 3275 310 3324 Ta
337 3347 437 3413 rent,
471 3325 582 3421 idque
615 3320 858 3415 creberrime)
888 3323 1006 3394 vincit
1036 3326 1276 3421 imperatoria
1304 3337 1348 3407 in·

1247 3468 1350 3485 ῃ

371 3513 411 3561 (a)
429 3501 589 3552 conrardi.
619 3501 655 3556 (b)
673 3502 735 3550 cod.
762 3503 812 3549 Sed
835 3520 877 3550 uos
900 3520 940 3550 eos
957 3508 1029 3557 etiru.
1056 3510 1090 3560 (c)
1109 3507 1172 3554 God-
1190 3510 1220 3555 εἰ.
1258 3514 1308 3569 (d)
1323 3520 1351 3563 tn

339 3585 399 3628 cod.
418 3579 547 3631 obseclari.
566 3587 592 3626 at
608 3578 721 3625 inferint
735 3575 917 3625 obsidebantur.
943 3583 978 3631 (e)
990 3583 1099 3628 Videtur
1112 3582 1282 3635 scribendum
1297 3604 1351 3639 m

338 3653 478 3704 elabantur.
512 3655 559 3712 (f)
576 3655 637 3700 cod.
652 3653 728 3698 idem.
753 3656 795 3714 (g)
812 3652 872 3696 Cod.
892 3651 1003 3713 hisaepe.

385 3791 432 3869 (1)
458 3799 523 3850 Cod.
545 3795 656 3849 subruit.
689 3796 750 3849 Sed.
776 3797 887 3848 omuino
918 3797 1062 3850 dicendum
1081 3797 1219 3852 substruit.
1257 3805 1354 3877 Agitur

342 3883 415 3936 enim
431 3882 464 3932 de
480 3883 588 3934 condita
605 3881 771 3937 Alexandria
782 3881 825 3941 ,ad
844 3882 966 3935 Tanaim.
1004 3885 1105 3936 Recole
1125 3902 1183 3954 cap.
1198 3902 1315 3943 unm,
1332 3902 1354 3942 ar

349 3969 487 4021 :larianum
508 3984 549 4018 tv.
575 3979 597 4019 5.
