2776 4934
743 332 748 361 l

432 429 511 490 sEv
532 428 665 492 LIBER
686 430 715 493 1.
1019 434 1078 493 157

67 601 208 681 „hilum
234 600 393 695 amplius
411 623 522 694 quam
537 588 710 696 obpreaso
725 601 766 655 Ψ)
790 603 986 676 latrocinio
1001 626 1078 702 gra·

64 725 255 806 „tulabere
270 718 318 796 (ὁ).
343 723 447 795 Adde
473 748 573 797 nunc
598 725 712 819 illud,
739 728 878 809 misisse
912 747 949 802 te
983 730 1079 801 mibi

63 850 272 932 „habenam
307 874 439 934 unam,
473 866 511 921 et
524 853 560 902 (θ)
591 852 709 945 pilam
748 854 965 949 loculosque
998 855 1079 926 auri

62 1021 77 1058 ‚‚
87 975 261 1047 refertos:
290 973 334 1045 de
360 973 493 1072 quibus
508 977 688 1070 ¹quamvis
713 995 755 1047 tu
782 1003 872 1079 quae
897 981 973 1050 visa
999 979 1078 1051 fue·

63 1145 78 1183 ,‚
88 1101 165 1169 rint
190 1099 387 1189 dictitaris,
423 1126 492 1201 ego
524 1118 648 1172 tamen
687 1103 782 1172 mihi
820 1121 862 1174 ut
893 1105 1077 1199 auspicato

62 1242 216 1311 „cuncta
242 1251 287 1297 ex
312 1243 350 1299 te
370 1250 537 1299 concessa
564 1253 605 1298 ac
622 1253 754 1323 sponsa
771 1228 984 1323 profitebor.
1011 1238 1078 1301 Ac·

62 1397 78 1434 ‚,
88 1353 168 1445 cepi
190 1353 295 1455 enim
319 1349 481 1424 habenae
505 1352 646 1425 scilicet
669 1371 907 1449 potestatem,
941 1369 984 1422 ut
1015 1354 1077 1425 ha·

61 1475 192 1559 „beam
227 1501 297 1572 qua
332 1478 372 1547 in
405 1476 590 1550 aubiectos
625 1479 680 1548 uti
718 1480 891 1552 scientius
924 1477 1079 1573 pessima

61 1605 187 1685 „Pilae
211 1629 299 1674 vero
315 1580 566 1688 'simulamem
591 1605 769 1696 quoniam
786 1631 831 1677 ex
855 1603 999 1675 ambitu
1019 1605 1079 1675 sui

62 1748 125 1811 „et
135 1729 372 1801 rotunditatis
390 1726 490 1801 orbis
507 1728 630 1826 imago
650 1729 828 1812 videatur,
855 1729 1077 1803 hauddubie

63 1859 182 1944 „mihi
206 1854 454 1927 universitatis
476 1852 591 1946 ipsius
624 1871 753 1948 perte
786 1855 987 1950 imperium
1021 1872 1092 1927 re·‘

13 2053 15 2056 Α
61 1982 285 2077 „promittit
313 1978 492 2076 Quodque
507 1978 568 2048 hic
584 1979 734 2048 tertium
750 1997 821 2062 est,
850 1978 990 2050 loculos
1008 2005 1075 2079 ego
1097 2030 1099 2035 -

60 2107 165 2189 „auri
191 2131 232 2176 ac
257 2106 289 2176 si
323 2130 438 2200 opum
469 2122 619 2174 tuarum
651 2102 787 2176 factam
821 2105 915 2174 mibi
951 2106 1076 2200 accepi
1142 2117 1146 2126 “

59 2231 304 2316 „cessionem
337 2230 616 2323 subiectumque
648 2246 686 2298 te
718 2226 857 2300 viribus
889 2229 980 2301 meis
996 2204 1074 2300 'an-

59 2382 200 2442 „nuum
223 2354 324 2427 istud
349 2356 446 2427 mihi
468 2354 550 2427 fore
573 2354 737 2449 pretium
769 2357 937 2427 servituti
947 2351 990 2408 (ά)
1013 2355 1072 2429 de·

58 2506 281 2579 „pensurum
296 2497 321 2553 t.

132 2612 294 2678 XLVIII.
321 2605 389 2676 His
414 2601 526 2704 igitur
544 2602 677 2672 litteris
694 2602 818 2699 palam
843 2604 946 2694 lectis
963 2623 1074 2701 atquo

57 2735 229 2837 signatis,
251 2730 376 2835 redire
392 2727 641 2799 internuntios
657 2727 770 2808 iubet,
796 2735 876 2821 Ipse
896 2746 1019 2801 autem
1037 2731 1072 2783 (θ

58 2864 164 2938 omni
190 2883 278 2930 mox
303 2854 407 2948 Syria
433 2869 600 2948 superata
632 2876 674 2925 ao
700 2852 852 2926 redactis
885 2855 961 2927 eius
985 2881 1072 2956 gen·

57 2988 156 3063 tibus
185 2986 226 3055 in
257 2996 497 3079 potestatem,
546 2976 592 3047 ad
623 2977 746 3049 Asiam
779 2978 835 3052 ire
869 2982 1069 3060 contendit.

56 3118 257 3189 Enimvero
285 3103 440 3199 acceptis
464 3102 660 3175 Alexandri
684 3105 818 3178 litteris
843 3131 907 3179 rex
925 3088 1085 3192 Darius,¹

55 3245 181 3338 eisque
206 3234 352 3336 gravius
379 3249 416 3306 et
430 3229 659 3329 arrogantiae
674 3250 814 3316 motus,
835 3230 887 3304 'td
911 3251 1071 3328 satrapas

25 3448 29 3467 Ι
57 3393 140 3439 suos
166 3367 263 3436 ultra
288 3365 452 3429 Taurum
477 3373 639 3455 regentes
661 3357 775 3428 talem
801 3357 1069 3428 continentiam
1152 3438 1168 3455 s

59 3488 202 3561 scribit:
242 3481 490 3569 „Nuntiatum
523 3477 594 3552 sibi
627 3479 874 3552 Alexandrum
900 3481 1068 3576 *Philippi
1080 3489 1158 3543 Darii
1167 3510 1247 3545 man-

85 3615 92 3630 ·
187 3611 196 3628 ·
922 3607 931 3624 ·
1019 3609 1026 3624 .
1082 3572 1251 3635 dataadsa.

56 3627 322 3702 „insanientem
347 3605 547 3681 admodum
578 3603 846 3676 adolescentem
873 3615 995 3678 Asiam
1015 3633 1071 3678 m·
1081 3652 1194 3732 mm·

54 3788 70 3826 ‚‚
80 3753 297 3811 cursantem.
329 3733 446 3832 Igitur
461 3728 599 3802 illos'lf’
613 3746 784 3823 oportere
799 3756 890 3837 eum
903 3731 1082 3832 protinus,

86 3969 127 4020 (a)
145 3963 208 4010 cod.
226 3959 374 4020 obpressum.
400 3958 435 4016 (b)
449 3963 511 4008 cod.
528 3960 673 4023 gratulare.
699 3959 869 4012 (ocor-001.
892 3958 935 4017 (d)
953 3966 992 4011 lta
1008 3964 1068 4012 cod.

48 4039 178 4089 servitusi-
199 4041 234 4091 (e)
254 4038 318 4086 cod.
333 4047 429 4085 tamen·
454 4036 498 4092 (f)
516 4037 577 4082 cod.
595 4050 623 4083 se
639 4048 697 4084 cun
712 4037 802 4083 linita.
