2776 4934
409 393 686 497 ALEXANDRl
1005 398 1047 461 49

22 565 258 663 spectantes,
277 566 408 638 itidem
420 584 463 637 ut
479 566 735 652 constiterant,
752 568 792 639 in
809 569 886 639 acie
902 569 1047 663 quieve-

34 688 83 765 re.
126 691 388 788 Utendumque
402 691 521 764 noctis
538 690 667 763 adiutu
680 696 913 803 parmenioni
929 694 1048 766 consi·

32 817 131 887 lium
147 834 239 888 erat:
267 815 366 913 quod
373 815 576 888 Alexander
591 812 732 889 dissicit
744 818 783 868 Ψ)
799 820 918 914 specie
931 821 1047 891 victo·

34 941 113 1014 riae
127 940 348 1022 indecentis,
376 940 502 1013 reabse
526 941 608 1035 quia
632 945 751 1014 noctis
768 943 938 1017 fortunae
961 969 1046 1016 con-

34 1064 166 1149 fidere,
192 1065 258 1137 ubi
280 1065 377 1136 nihil
397 1067 561 1138 cautioni
586 1067 690 1150 licet,
719 1084 755 1137 et
778 1067 1049 1163 imprudentiae

36 1208 95 1261 est
113 1207 150 1261 et
171 1189 402 1274 inscientiae,
430 1194 606 1287 quoniam
624 1193 777 1265 consilia
792 1192 924 1263 bellica
938 1194 1049 1292 longe

36 1314 153 1386 tutius
186 1317 287 1401 oculi
316 1334 511 1419 metantur.
565 1317 739 1415 Quamvis
760 1316 831 1412 ipsi
856 1317 954 1388 baud
975 1343 1049 1389 am-

34 1439 133 1535 plius
160 1444 331 1537 equitum
347 1469 424 1514 ·v11.
443 1422 568 1527 milia,
593 1441 634 1514 id
649 1468 736 1514 vero
760 1441 931 1539 peditum
952 1439 1052 1537 quod
1111 1440 1205 1510 Copia

34 1565 154 1637 Persis
169 1565 337 1660 equitum
350 1567 400 1638 (²).
415 1556 418 1561 ¹
1062 1527 1191 1582 Macedo-

1062 1629 1129 1664 num
1172 1628 1204 1663 ἃ.

115 1693 210 1759 LIX.
238 1693 355 1783 Quare
379 1689 419 1757 iu
444 1691 543 1760 huno
566 1689 722 1761 modum
744 1708 853 1763 nocte
875 1707 1052 1784 superata,
1136 1629 1171 1684 qu

39 1810 109 1883 ubi
124 1836 208 1882 curn
223 1810 284 1880 die
300 1811 438 1906 equites
456 1818 607 1908 Scythas
625 1815 796 1911 dextrum
812 1838 929 1884 cornu
945 1841 1054 1886 suum
1065 1759 1205 1904 {iim

38 1937 181 2009 irruere
213 1937 309 2007 velle
347 1955 384 2008 et
414 1937 668 2032 circumplecti
700 1937 906 2009 Alexander
935 1937 1053 2024 videt,

39 2059 173 2134 obvius
198 2061 327 2134 tendit.
369 2063 518 2156 Diuque
545 2062 697 2158 ancipiti
725 2061 875 2135 fortuna
901 2061 1054 2135 tandem

40 2206 167 2260 tamen
188 2206 308 2260 trusus
329 2191 444 2261 hostis
467 2190 589 2260 multo
610 2187 871 2259 obdurantium
892 2184 1053 2285 dampno

39 2313 81 2383 in
108 2331 207 2412 terga
237 2317 418 2385 convertit
437 2316 487 2385 (Β).
554 2315 660 2382 Ultra
692 2314 769 2383 iam
805 2313 1054 2388 Macedonum

41 2439 244 2533 pervicacia
267 2440 400 2508 iverat:
429 2456 467 2508 at
494 2440 593 2509 euim
618 2437 757 2507 Bactris
782 2464 897 2534 paene
921 2440 1056 2512 frontis

41 2564 86 2634 in
112 2562 232 2634 medio
265 2587 418 2634 numero
451 2560 719 2643 claudentibus,
759 2563 942 2634 convertit
973 2568 1056 2635 Ale·

43 2686 225 2759 xandrum
250 2690 402 2758 nuntius
433 2690 683 2782 suppetiatum
708 2686 782 2755 suis
807 2703 892 2780 post
915 2685 1062 2784 fugien··

43 2815 164 2898 tibus,
199 2813 265 2907 qui
296 2811 368 2882 sibi
401 2808 620 2887 inminebat
636 2802 681 2878 (ὅ).
739 2816 792 2879 Ao
820 2810 871 2879 sic
904 2813 1059 2902 Scythae

43 2964 196 3040 quoque
230 2936 342 3008 levati
374 2938 594 3017 insecutore,
629 2931 695 3004 ubi
726 2957 746 3002 a
779 2949 882 3032 tergo
908 2955 1057 3020 vacant,

42 3071 235 3167 integrant
259 3065 353 3155 vires
375 3063 526 3144 reversi,
553 3061 761 3155 Bactrisque
780 3078 1056 3161 congregantur,

24 3221 111 3292 <spe
135 3190 326 3264 audaciam
351 3174 560 3261 nutrientes.

45 3370 1061 3402 .....-...-.----------------

88 3477 138 3530 (α)
159 3480 199 3523 lta
221 3473 278 3521 eod.
297 3471 358 3517 heio
381 3478 408 3517 ot
431 3474 494 3519 alibi
516 3486 564 3532 pro
587 3470 690 3518 disticte.
719 3463 763 3520 (b)
780 3463 844 3512 cod.
868 3461 925 3524 quis
947 3461 1060 3507 immine·
1158 3392 1178 3443 a

54 3546 108 3599 bae.

50 3665 1065 3697 ................-.---------—-—-----

101 3787 150 3860 (1)
169 3791 272 3861 Nempe
295 3804 356 3845 ·xrr
377 3786 463 3840 milia·
485 3785 586 3840 Confer
606 3801 664 3855 cap.
685 3797 747 3860 rvr.

89 3873 148 3954 1(2)
175 3876 311 3929 Convertit
338 3892 417 3927 sensu
445 3884 558 3934 neutro,
588 3881 619 3921 ut
646 3868 717 3939 apud
738 3868 904 3920 Frontonem
932 3858 965 3914 cle
981 3855 1065 3932 feriis

56 3961 228 4018 Alsiamibus
248 3963 326 4032 epist.
344 3961 395 4016 111.
418 3959 459 4011 ed.
481 3957 593 4011 Mediol.
614 3975 642 4026 p.
659 3962 718 4016 1⁹²·

822 4047 840 4109 l
