2776 4934
401 383 688 504 innarenn
720 480 724 486 ,
786 389 790 396 ’
1021 427 1060 486 ⁵⁷

49 597 304 671 tunamb'elli
328 595 734 683 meritumve·‘victoris
764 599 969 698 elegerunt,
1003 593 1076 699 vel¹

51 725 148 819 siqui
175 722 222 793 ad
244 723 320 794 eius
344 723 524 793 iudicium
544 743 791 818 provocarunt
799 725 840 777 (α)
865 725 973 795 venia
1000 720 1064 792 do·

50 851 131 920 nati
157 874 307 921 ornnes:
335 849 461 920 Graeci
486 872 633 944 quoque
658 849 764 921 mille
788 848 980 950 quingenti
1003 846 1066 943 qui
1172 878 1175 883 ·

51 977 169 1048 Dario
194 972 360 1046 mercede
384 972 612 1045 militabant:
638 999 775 1070 eosque
797 999 880 1046 suos
905 973 1005 1043 facit.

94 1120 104 1127 ”
129 1076 256 1177 LXXI.
286 1101 452 1189 Interim
471 1117 596 1171 tamen
629 1099 780 1173 Mardos
813 1098 988 1181 excurrit,
1030 1114 1067 1169 et
1131 1110 1241 1164 Medos

57 1242 180 1319 captos
199 1223 299 1296 bello
318 1224 452 1324 redigit
476 1227 516 1295 in
537 1224 757 1321 obsequium
777 1223 874 1293 nihil
898 1222 1066 1296 omnium
1079 1195 1189 1268 '⁰55¹'

57 1368 277 1421 rennuentes
302 1351 390 1443 (sed
415 1352 516 1423 enim
538 1349 699 1433 Mardis,
726 1366 871 1445 praeter
894 1306 995 1416 aima
1014 1347 1069 1416 vi·

53 1497 206 1570 resque,
244 1477 346 1546 nulla
380 1503 443 1548 sua
476 1501 532 1547 res
557 1478 645 1567 est)
665 1500 780 1570 opum
813 1497 897 1544 cura
925 1473 1070 1566 postha-

53 1599 411 1694 bita-*perduransffl
437 1626 532 1696 quae
556 1619 695 1671 ceteros
719 1602 916 1671 hominum
940 1599 1073 1670 exerci-

57 1744 118 1796 tos
144 1723 267 1794 habet.
292 1725 401 1793 Exim
426 1726 626 1796 revertenti
645 1729 812 1824 Spartani
836 1753 875 1797 se
897 1724 1073 1806 offerunt,

59 1838 127 1946 qui
165 1848 270 1921 Darii
312 1849 517 1918 amicitiam
558 1849 757 1941 petierant:
792 1850 855 1920 sed
894 1845 1074 1920 custodiri

56 1977 281 2052 mandantur
303 1973 461 2068 suspecti
486 1975 667 2067 simplicis
691 1973 935 2046 confidentiae
948 1974 998 2043 (θ.

133 2108 285 2175 [ΧΧΠ.,
312 2107 410 2172 Tum
442 2117 610 2170 moratus·
628 2106 849 2171 Xazacertae
873 2100 912 2169 in
938 2104 1077 2191 Hyrca·
1109 2173 1136 2227 Η

58 2231 121 2301 nia
147 2229 223 2299 dies
250 2224 482 2322 quindecim,
509 2226 662 2296 Parthos
684 2227 914 2320 Arionosque
932 2219 967 2276 (ὅ)
991 2191 1252 2325 pro-aegidii

62 2355 255 2436 ficiscitur,
282 2369 320 2424 et
345 2351 492 2424 Susiam‘
512 2350 720 2434 ciuitatem,
747 2349 847 2445 quod
873 2357 1006 2439 Besum
1030 2349 1076 2417 il·
1087 2348 1148 2444 410³
1168 2358 1196 2398 et
1210 2345 1253 2402 A·

61 2482 113 2550 iic
137 2478 237 2551 bello
263 2475 407 2548 studere
432 2476 675 2568 conperisset,
712 2498 787 2544 non
814 2474 917 2571 regni
942 2449 1189 2556 modo.‚²¹⁰¹²⁰⁸'

62 2628 196 2676 verum
210 2600 371 2673 nominis
388 2598 424 2649 (θ)
436 2599 549 2674 etiam
559 2602 756 2670 Artaxersii
772 2597 815 2653 “³³
831 2601 948 2669 veluti
964 2598 1010 2668 ad
1023 2624 1079 2669 re-

10 2820 13 2825 ·
64 2728 272 2799 verentium
286 2723 360 2795 sibi
378 2723 542 2792 vanitate
565 2723 743 2815 quaesita:
771 2725 947 2816 quoniam
967 2723 1081 2794 multi
1125 2735 1131 2749 '

65 2853 216 2950 refugae
234 2846 417 2921 Bactriani
433 2846 473 2916 in
485 2847 570 2918 eius
590 2847 812 2923 satellitium
824 2838 1085 2923 confluxissent

62 2978 156 3053 elati
181 2975 314 3047 mentis
339 2973 513 3043 iactantia
529 2972 579 3042 (’).

141 3107 304 3175 LXXHI.
320 3106 437 3193 Inque
449 3098 488 3168 id
501 3096 698 3203 destinanti
715 3099 965 3174 Satibarzanes
978 3101 1082 3174 Ario·
1138 3127 1259 3184 suasu.

65 3256 151 3302 rum
179 3244 321 3321 satrapa
350 3227 555 3309 nuntiatur,
599 3225 803 3300 interfectis
832 3228 1082 3299 Macedonum
1094 3214 1177 3354 {325⁰
1210 3216 1259 3266 de·

103 3482 145 3534 (a)
161 3479 226 3526 cod.
244 3477 285 3526 nel
305 3480 351 3540 qui
365 3477 488 3524 adtuoum
510 3477 632 3526 iudicittm
652 3490 757 3538 putant.
790 3475 826 3532 (h)
845 3482 883 3553 Ita
901 3480 960 3526 cod.
978 3472 1085 3529 Mallon

72 3554 185 3602 Arianos
206 3561 251 3602 ant
267 3554 354 3602 Arios.
382 3555 417 3606 (c)
434 3551 497 3597 cod.
523 3553 630 3598 nomine.
661 3554 701 3605 (d)
719 3554 779 3600 cod.
799 3556 958 3610 Artaxersi,
983 3557 1026 3602 aad
1042 3548 1085 3603 air·

69 3629 328 3751 mmaxsii.
353 3630 389 3681 (a)
407 3626 469 3672 cod.
487 3623 560 3673 alosti
574 3636 659 3674 mette
670 3628 824 3686 iactamias,
845 3630 913 3693 quaed
920 3631 1034 3721 msa
1045 3644 1085 3680 re.

66 3801 1088 3835 mm..

82 3976 86 3987 Α
115 3911 163 3983 (1)
177 3898 288 3987 Nempe
304 3915 461 3971 Alexander
477 3917 506 3968 in
524 3916 689 3986 captiv-audit
708 3914 812 3973 Mardu
828 3915 892 3972 lieet
911 3908 1085 3990 nauperibus.

114 4000 159 4069 (2)
182 4001 287 4071 Nempe
303 4002 449 4093 deditionis
467 4001 595 4056 sincerae.
