2776 4934
288 1245 579 1323 EDITORIS
622 1243 984 1326 PRAEFATIO.

925 1586 940 1627 e

189 1637 219 1699 1·
239 1586 459 1739 Qunam
497 1649 533 1708 in
561 1667 597 1708 re
626 1645 781 1709 historica
811 1648 968 1709 sincerum
1007 1656 1041 1704 et
1076 1643 1152 1703 sim·
1176 1659 1324 1726 nimrim,

146 1723 215 1807 [alex
245 1729 408 1791 scribendi
456 1753 534 1791 enus
559 1753 609 1790 me
637 1751 713 1812 prae
739 1733 854 1792 ceteris
885 1729 1027 1791 adamare
1049 1750 1151 1813 nuper
1162 1764 1231 1819 qu„
1267 1745 1327 1798 edi.

146 1807 305 1892 prolessus
328 1836 398 1877 sum
410 1754 468 1893 Ul,
490 1832 594 1877 tamen
617 1816 779 1878 inventam
792 1817 1010 1907 IuliixValerii
1028 1816 1065 1874 in
1087 1837 1226 1898 rim-tur,
1245 1846 1326 1888 vem.

146 1897 291 1960 {noriano
311 1899 418 1962 codice
432 1902 471 1953 (θ)
492 1900 582 1965 valde
597 1897 731 1962 fucatam
751 1914 785 1960 et
800 1896 1030 1969 redundantem
1046 1900 1227 1974 hirto-312„

145 1982 237 2059 tiam,
258 1985 366 2047 nullus
411 1988 481 2048 lane
506 1985 653 2049 dubitavi
674 1986 754 2071 quin
779 1989 807 2048 si
854 1988 980 2057 rotinus
1009 1984 1151 2059 ederem,

146 2087 223 2126 rene
241 2073 357 2149 mereri
376 2009 415 2133 di
433 2096 469 2133 ea
484 2070 633 2135 facultate
652 2069 790 2136 viderer.
817 2008 861 2132 di
878 2071 917 2131 de
935 2069 1150 2156 scriptoribus

146 2150 271 2234 {uidem
293 2170 362 2217 tum
377 2158 508 2244 Aesopo
536 2180 553 2218 a
582 2178 646 2240 quo
667 2178 779 2251 graece
802 2157 952 2217 conditus
971 2157 1056 2217 liber
1080 2170 1151 2230 est,

146 2256 207 2297 :um
224 2239 308 2303 Iulio
326 2244 455 2307 Valerio
471 2268 489 2306 a
507 2264 571 2330 quo
590 2241 629 2302 ad
644 2243 762 2304 latinos
777 2245 961 2318 translatus,
983 2241 1066 2303 nihil
1083 2238 1152 2301 fere

146 2322 242 2387 haheo
260 2308 347 2411 quod
364 2328 484 2406 dicam,
506 2351 604 2415 quum
620 2324 769 2390 funditus
787 2351 913 2390 omnem
931 2329 1082 2388 notitiam
1099 2347 1153 2385 ae·

146 2422 192 2468 tas
217 2410 386 2479 deleverit.
436 2415 500 2477 Sed
530 2415 616 2474 enim
644 2415 748 2496 ipsius
781 2415 895 2498 scripti
918 2427 1063 2475 vetustas
1091 2414 1155 2493 (ut

145 2493 206 2553 iam
234 2496 273 2557 de
294 2498 404 2561 codice
426 2498 628 2561 ambrosiano
648 2498 759 2559 sileam
779 2500 836 2582 qui
866 2488 963 2557 mille*
976 2493 1075 2557 ferme
1098 2492 1156 2554 ab·

146 2579 219 2642 hinc
234 2584 325 2647 annis
342 2600 489 2667 exaratus
505 2586 576 2666 est)
598 2582 777 2643 luculenter
799 2598 834 2645 se
850 2581 981 2668 prodit,
1004 2578 1155 2665 quoniam

146 2665 195 2726 vel
216 2667 321 2729 Iulius
338 2670 506 2746 Valerius,
527 2667 580 2732 vel
598 2681 683 2725 certe
698 2668 847 2751 Aesopus
868 2665 903 2727 id
922 2687 1003 2749 opus
1022 2665 1156 2727 adoma-

146 2747 224 2810 bant
238 2753 369 2840 vigente
388 2756 562 2817 etiamnum
570 2750 781 2812 Alexandriae
798 2767 862 2812 tem
885 2751 917 2811 lo
935 2753 1010 2811 Sera
1034 2748 1157 2824 idum,

146 2834 361 2922 incolumique
377 2837 550 2900 Alexandri
564 2835 688 2897 tumulo
702 2839 759 2913 (4),
782 2772 989 2920 eiusdemque
1007 2775 1058 2895 die
1074 2855 1157 2894 mor·

146 2924 252 2985 tuario
284 2923 492 2985 sollemnibus
525 2921 627 2984 adhuc
652 2920 786 2983 ritibus.
806 2922 843 2981 in
872 2943 909 2984 ea
946 2921 1039 2981 urbe¹
1059 2940 1158 2981 sacra·

146 3022 177 3069 to
203 3008 255 3069 (⁵).
299 3009 444 3071 Iamvero
467 3031 564 3094 quum
590 3005 760 3091 Serapeum
788 3028 871 3068 anno
896 3023 970 3092 post
994 3005 1158 3069 Christum

146 3110 253 3154 natum
274 3117 464 3159 ccccxxxix.
496 3092 676 3154 Theodosii
699 3093 774 3178 imp.
792 3092 897 3155 edicto
922 3096 1062 3156 solutum
1086 3111 1156 3150 essa

146 3193 272 3240 constet
286 3180 359 3259 ‘⁶³3
375 3179 469 3244 divus
492 3180 572 3241 item
594 3179 728 3240 Ioannes
754 3174 1003 3260 Chrysostomus
1020 3180 1159 3240 Alexan-

148 3264 197 3327 dri
212 3265 416 3351 sepulchrum
431 3265 471 3326 de
486 3264 593 3326 medio
610 3263 770 3325 sublatum
779 3266 923 3351 “eiusque
944 3288 1078 3328 annuam
1094 3248 1161 3323 mol

264 3532 390 3589 Praefatio
412 3532 446 3586 ad
466 3533 591 3588 Itinerar.
613 3551 672 3607 cap.
694 3549 739 3589 tv.

267 3621 369 3676 Eadem
390 3619 523 3690 praefatio
545 3636 604 3691 cap.
625 3633 660 3675 11.

268 3707 349 3761 Iulius
367 3705 493 3760 Valerius
512 3704 561 3759 lib.
577 3707 601 3762 1.
625 3723 683 3777 cap.
700 3720 791 3763 xxxt·

267 3791 344 3847 ldem
364 3792 412 3848 lib.
427 3792 478 3846 111.
500 3807 558 3861 cap.
578 3804 654 3846 xcrr.

995 3766 1007 3795 l
