2776 4934
336 475 377 535 82
694 472 993 581 mmmmm

337 645 448 719 multi
470 646 726 747 confugerant,
759 644 1012 746 magnitudine
1035 645 1151 717 nimia
1179 663 1217 717 et
1240 630 1357 716 firmi·

337 771 465 846 tudine
488 771 774 873 inexpugnabili.
825 779 946 870 Quam
968 769 1033 843 ubi
1060 770 1268 844 Alexander
1293 768 1360 843 ob·

337 897 480 971 sidione
512 897 696 982 adoritur,
740 892 845 970 iubet
877 893 960 971 fiari
991 898 1103 969 malas
1136 922 1205 994 pro
1246 920 1360 968 muro

338 1024 555 1119 praecelsas:
580 1046 712 1118 easque
740 1020 906 1095 admotas
928 1044 1013 1094 cum
1037 1022 1242 1124 grandibus
1264 1021 1360 1095 saxis

338 1146 492 1243 desuper
522 1147 729 1247 frangerent
758 1165 1015 1246 repugnantes,
1049 1149 1128 1221 sola
1153 1126 1361 1245 perdurant

338 1298 408 1370 qua
433 1299 497 1345 rex
520 1298 591 1345 una
617 1270 762 1345 duobus
781 1271 1000 1345 satellitibus
1030 1258 1362 1369 evicerata--ipsurn

338 1423 484 1495 quoque
515 1398 645 1470 multis
679 1396 834 1494 desuper
858 1414 901 1469 ut
931 1422 1004 1495 qua
1030 1401 1185 1497 quisque
1209 1413 1361 1493 potarat

338 1522 621 1623 retrudentibus.
670 1528 719 1592 Et
761 1523 928 1619 quamvis
968 1525 1081 1598 scalas
1121 1524 1248 1599 omnis
1280 1548 1361 1597 suo·

338 1674 421 1722 rum
454 1647 661 1723 comminui
695 1646 864 1732 vidisset,
901 1673 1023 1747 neque
1052 1651 1133 1725 ullo
1162 1674 1244 1723 sese
1275 1648 1358 1722 ideo

338 1779 477 1849 auxilio
506 1764 818 1873 periclitaturum,
850 1774 959 1845 irruit
992 1793 1115 1847 umen
1145 1800 1246 1847 unus
1278 1800 1357 1871 om·

339 1902 402 1971 nia
420 1900 584 1973 hostium
602 1898 727 1979 milia,
753 1922 825 1969 una
845 1897 1042 1993 praedictis
1067 1907 1207 1998 (Peuce
1223 1900 1269 1955 (⁶)
1294 1900 1358 1973 sci·

341 2026 430 2097 licet
454 2040 492 2096 et
514 2023 759 2117 Ptolomaeo)
785 2025 849 2120 qui
875 2041 1110 2096 cunctantem
1126 2018 1163 2075 (ὅ)
1185 2026 1354 2099 multitu·

341 2150 466 2221 dinem
491 2148 660 2243 protinus
684 2145 785 2217 urbis
811 2148 889 2219 eius
918 2150 958 2218 in
983 2175 1060 2222 sese
1083 2152 1285 2225 convertit.

87 2364 90 2369 Ι
209 2297 329 2356 Alexan-
361 2300 364 2305 ·
417 2278 538 2348 CXVI.
572 2271 721 2344 Perdius
751 2271 865 2371 igitur
889 2272 954 2346 diu
986 2300 1108 2347 secum
1134 2274 1350 2349 satellitibus

167 2388 328 2539 ffimffi
341 2397 636 2496 conspirantibus
661 2422 740 2468 rem
763 2398 866 2492 pleni
892 2400 1068 2473 exercitus
1095 2398 1269 2500 agitabat.
1303 2400 1348 2473 Ni

166 2572 211 2610 aa
257 2555 328 2606 vitae
341 2543 513 2625 vergente
536 2524 612 2595 iam
637 2521 697 2594 die
722 2540 760 2595 et
781 2525 895 2595 latere
920 2550 1065 2599 summo
1090 2528 1346 2631 vulneraretur,

166 2642 318 2697 ‘¹³⁸⁰fim02·
340 2669 378 2723 et
411 2665 558 2745 recepto
592 2647 700 2719 altius
732 2646 831 2723 ferro
864 2650 970 2725 defici
985 2655 1021 2705 (θ)
1045 2626 1193 2726 'viribus
1227 2656 1346 2731 occo'a·

337 2776 459 2873 pisset.
498 2773 542 2846 Id
567 2773 788 2847 Macedones
821 2778 1016 2851 coniectati
1051 2780 1115 2875 qui
1147 2778 1243 2853 foris
1276 2802 1345 2855 ran

335 2899 510 3003 agebant,
535 2916 638 2971 metu
659 2884 796 2995 nequid
818 2903 972 2974 ulterius
996 2905 1208 2999 (occupatis
1234 2905 1280 2977 in
1303 2930 1346 2979 ra·
1387 2959 1388 2994 ᾗ

335 3052 420 3128 gem
450 3024 711 3094 intramuranis
743 3027 922 3099 universis
947 3051 1016 3099 nec
1049 3027 1206 3127 desuper
1225 3030 1350 3129 probi*
1387 3013 1388 3090 i

333 3147 505 3223 bentibus
530 3146 642 3241 siquis
668 3148 844 3243 irrueret)
874 3152 915 3223 vi
945 3144 1104 3227 claustrd
1126 3154 1344 3260 effringunt.

211 3278 232 3326 '·
333 3272 604 3372 suppetiatiqne
635 3270 675 3341 in
707 3290 876 3369 tempore
912 3276 987 3351 iam
1019 3306 1144 3381 regem
1173 3282 1238 3353 sui
1264 3282 1352 3359 rad·

332 3403 441 3496 piunt
477 3396 717 3469 diffidentem.
768 3401 870 3473 Facti
903 3402 1060 3502 denique
1092 3430 1182 3478 mox
1216 3432 1269 3483 ex
1299 3408 1354 3481 in·t

333 3524 545 3624 dignatione
570 3525 747 3597 saeviores
775 3527 1002 3605 indiscretius
1027 3531 1163 3607 dextris
1187 3533 1230 3607 in
1259 3552 1348 3611 aeta·

332 3667 387 3721 tes
420 3669 458 3722 et
489 3676 594 3725 sexus
624 3653 719 3727 vires
746 3654 917 3751 optinent
947 3657 1195 3733 internicione
1227 3660 1347 3739 omni·

332 3775 401 3849 bus
425 3778 549 3849 caesis.

260 4064 264 4069 ,
330 3992 555 4121 (pugnandi
564 3990 820 4045 &marmenem
847 3995 884 4053 (b)
899 3998 1010 4051 Videtur
1016 3984 1343 4062 'suffigendum

341 4082 356 4117 t
437 4098 443 4111 .
504 4080 557 4128 apr.
