<?xml version="1.0" encoding="UTF-8"?>
<!DOCTYPE html PUBLIC "-//W3C//DTD XHTML 1.0 Transitional//EN"
    "http://www.w3.org/TR/xhtml1/DTD/xhtml1-transitional.dtd">
<html xmlns="http://www.w3.org/1999/xhtml" xml:lang="en" lang="en">
 <head>
  <title>
</title>
<meta http-equiv="Content-Type" content="text/html;charset=utf-8" />
  <meta name='ocr-system' content='tesseract 3.04.00' />
  <meta name='ocr-capabilities' content='ocr_page ocr_carea ocr_par ocr_line ocrx_word'/>
</head>
<body>
  <div class='ocr_page' id='page_1' title='image "./itinerariumalex00valegoog_0274.png"; bbox 0 0 2776 4934; ppageno 0'>
   <div class='ocr_carea' id='block_1_1' title="bbox 429 377 1075 486">
    <p class='ocr_par' dir='ltr' id='par_1_1' title="bbox 429 377 1075 486">
     <span class='ocr_line' id='line_1_1' title="bbox 429 377 1075 486; baseline 0.003 -2"><span class='ocrx_word' id='word_1_1' title='bbox 429 420 507 484; x_wconf 75' lang='lat' dir='ltr'><em>sor</em></span> <span class='ocrx_word' id='word_1_2' title='bbox 530 420 663 482; x_wconf 71' lang='lat' dir='ltr'><em>Linon</em></span> <span class='ocrx_word' id='word_1_3' title='bbox 683 420 744 483; x_wconf 90' lang='lat'>111.</span> <span class='ocrx_word' id='word_1_4' title='bbox 964 377 983 405; x_wconf 71' lang='grc'>”</span> <span class='ocrx_word' id='word_1_5' title='bbox 1015 428 1075 486; x_wconf 74' lang='lat' dir='ltr'><em>ees</em></span> 
     </span>
    </p>
   </div>
   <div class='ocr_carea' id='block_1_2' title="bbox 51 552 1078 682">
    <p class='ocr_par' dir='ltr' id='par_1_2' title="bbox 51 552 1078 682">
     <span class='ocr_line' id='line_1_2' title="bbox 51 552 1078 682; baseline 0.001 -24"><span class='ocrx_word' id='word_1_6' title='bbox 51 594 278 659; x_wconf 76' lang='lat' dir='ltr'><em>eumbentinm</em></span> <span class='ocrx_word' id='word_1_7' title='bbox 293 596 533 676; x_wconf 85' lang='lat' dir='ltr'><em>promicantes,</em></span> <span class='ocrx_word' id='word_1_8' title='bbox 554 597 717 678; x_wconf 85' lang='lat' dir='ltr'><em>prodique</em></span> <span class='ocrx_word' id='word_1_9' title='bbox 737 552 969 682; x_wconf 39' lang='lat' dir='ltr'><em>effigiesanos</em></span> <span class='ocrx_word' id='word_1_10' title='bbox 988 597 1078 660; x_wconf 82' lang='lat' dir='ltr'><em>hand</em></span> 
     </span>
    </p>
   </div>
   <div class='ocr_carea' id='block_1_3' title="bbox 10 704 1236 3213">
    <p class='ocr_par' dir='ltr' id='par_1_3' title="bbox 53 704 1081 1010">
     <span class='ocr_line' id='line_1_3' title="bbox 53 704 1078 802; baseline 0.002 -32"><span class='ocrx_word' id='word_1_11' title='bbox 53 706 161 772; x_wconf 63' lang='lat' dir='ltr'><em>&amp;ibit</em></span> <span class='ocrx_word' id='word_1_12' title='bbox 173 708 310 769; x_wconf 85' lang='lat' dir='ltr'><em>divinas</em></span> <span class='ocrx_word' id='word_1_13' title='bbox 328 726 397 768; x_wconf 85' lang='lat' dir='ltr'><em>esse</em></span> <span class='ocrx_word' id='word_1_14' title='bbox 410 721 445 768; x_wconf 78' lang='lat' dir='ltr'><em>ve</em></span> <span class='ocrx_word' id='word_1_15' title='bbox 446 704 681 768; x_wconf 83' lang='lat' dir='ltr'><em>lbrutissimns</em></span> <span class='ocrx_word' id='word_1_16' title='bbox 696 707 854 802; x_wconf 82' lang='lat' dir='ltr'><em>sentiat).</em></span> <span class='ocrx_word' id='word_1_17' title='bbox 892 709 983 769; x_wconf 77' lang='lat' dir='ltr'><em>[nos</em></span> <span class='ocrx_word' id='word_1_18' title='bbox 998 730 1078 791; x_wconf 83' lang='lat' dir='ltr'><em>ergo</em></span> 
     </span>
     <span class='ocr_line' id='line_1_4' title="bbox 53 794 1079 911; baseline 0.003 -32"><span class='ocrx_word' id='word_1_19' title='bbox 53 815 197 911; x_wconf 79' lang='lat' dir='ltr'><em>tandem</em></span> <span class='ocrx_word' id='word_1_20' title='bbox 215 838 256 878; x_wconf 79' lang='lat' dir='ltr'><em>ex</em></span> <span class='ocrx_word' id='word_1_21' title='bbox 272 815 344 878; x_wconf 80' lang='lat' dir='ltr'><em>his:</em></span> <span class='ocrx_word' id='word_1_22' title='bbox 364 820 478 895; x_wconf 81' lang='lat' dir='ltr'><em>Hooe,</em></span> <span class='ocrx_word' id='word_1_23' title='bbox 511 819 704 900; x_wconf 78' lang='lat' dir='ltr'><em>inquit,A</em></span> <span class='ocrx_word' id='word_1_24' title='bbox 672 794 865 879; x_wconf 81' lang='lat' dir='ltr'><em>Alexander</em></span> <span class='ocrx_word' id='word_1_25' title='bbox 886 819 941 881; x_wconf 91' lang='lat' dir='ltr'><em>mi</em></span> <span class='ocrx_word' id='word_1_26' title='bbox 992 821 1079 882; x_wconf 80' lang='lat' dir='ltr'><em>Tana</em></span> 
     </span>
     <span class='ocr_line' id='line_1_5' title="bbox 54 923 1081 1010; baseline 0.001 -19"><span class='ocrx_word' id='word_1_27' title='bbox 54 948 130 991; x_wconf 79' lang='lat' dir='ltr'><em>tum</em></span> <span class='ocrx_word' id='word_1_28' title='bbox 150 947 212 988; x_wconf 80' lang='lat' dir='ltr'><em>rex</em></span> <span class='ocrx_word' id='word_1_29' title='bbox 229 930 468 990; x_wconf 78' lang='lat' dir='ltr'><em>venerationem</em></span> <span class='ocrx_word' id='word_1_30' title='bbox 485 927 629 991; x_wconf 78' lang='lat' dir='ltr'><em>debitam</em></span> <span class='ocrx_word' id='word_1_31' title='bbox 641 929 863 1001; x_wconf 75' lang='lat' dir='ltr'><em>reddidisset,</em></span> <span class='ocrx_word' id='word_1_32' title='bbox 885 923 1081 1010; x_wconf 85' lang='lat' dir='ltr'><em>quaesisset·</em></span> 
     </span>
    </p>

    <p class='ocr_par' dir='ltr' id='par_1_4' title="bbox 51 1029 1083 1673">
     <span class='ocr_line' id='line_1_6' title="bbox 53 1029 1081 1124; baseline 0.002 -25"><span class='ocrx_word' id='word_1_33' title='bbox 53 1058 120 1123; x_wconf 78' lang='lat' dir='ltr'><em>qne</em></span> <span class='ocrx_word' id='word_1_34' title='bbox 140 1041 216 1120; x_wconf 81' lang='lat' dir='ltr'><em>quis</em></span> <span class='ocrx_word' id='word_1_35' title='bbox 227 1051 313 1100; x_wconf 88' lang='lat' dir='ltr'><em>esset</em></span> <span class='ocrx_word' id='word_1_36' title='bbox 335 1040 395 1118; x_wconf 87' lang='lat' dir='ltr'><em>qni</em></span> <span class='ocrx_word' id='word_1_37' title='bbox 414 1059 449 1100; x_wconf 89' lang='lat' dir='ltr'><em>se</em></span> <span class='ocrx_word' id='word_1_38' title='bbox 459 1029 561 1124; x_wconf 87' lang='lat' dir='ltr'><em>foret</em></span> <span class='ocrx_word' id='word_1_39' title='bbox 589 1037 650 1101; x_wconf 76' lang='lat' dir='ltr'><em>liat</em></span> <span class='ocrx_word' id='word_1_40' title='bbox 675 1038 878 1100; x_wconf 85' lang='lat' dir='ltr'><em>salutatione</em></span> <span class='ocrx_word' id='word_1_41' title='bbox 901 1039 1081 1119; x_wconf 77' lang='lat' dir='ltr'><em>dignatos,·</em></span> 
     </span>
     <span class='ocr_line' id='line_1_7' title="bbox 55 1142 1082 1230; baseline 0.001 -19"><span class='ocrx_word' id='word_1_42' title='bbox 55 1142 157 1229; x_wconf 77' lang='lat' dir='ltr'><em>Ego,</em></span> <span class='ocrx_word' id='word_1_43' title='bbox 180 1149 313 1230; x_wconf 86' lang='lat' dir='ltr'><em>inquit,</em></span> <span class='ocrx_word' id='word_1_44' title='bbox 338 1149 542 1211; x_wconf 80' lang='lat' dir='ltr'><em>Sesonalzosis</em></span> <span class='ocrx_word' id='word_1_45' title='bbox 557 1148 612 1210; x_wconf 85' lang='lat' dir='ltr'><em>ille</em></span> <span class='ocrx_word' id='word_1_46' title='bbox 626 1170 715 1210; x_wconf 83' lang='lat' dir='ltr'><em>snm:</em></span> <span class='ocrx_word' id='word_1_47' title='bbox 737 1149 793 1210; x_wconf 84' lang='lat' dir='ltr'><em>sed</em></span> <span class='ocrx_word' id='word_1_48' title='bbox 817 1150 903 1209; x_wconf 90' lang='lat' dir='ltr'><em>enim</em></span> <span class='ocrx_word' id='word_1_49' title='bbox 928 1163 966 1210; x_wconf 86' lang='lat' dir='ltr'><em>ot</em></span> <span class='ocrx_word' id='word_1_50' title='bbox 991 1151 1082 1227; x_wconf 80' lang='lat' dir='ltr'><em>vides</em></span> 
     </span>
     <span class='ocr_line' id='line_1_8' title="bbox 55 1257 1082 1344; baseline 0.002 -23"><span class='ocrx_word' id='word_1_51' title='bbox 55 1258 215 1321; x_wconf 76' lang='lat' dir='ltr'><em>adscitas</em></span> <span class='ocrx_word' id='word_1_52' title='bbox 231 1257 382 1319; x_wconf 85' lang='lat' dir='ltr'><em>convivio</em></span> <span class='ocrx_word' id='word_1_53' title='bbox 397 1258 569 1320; x_wconf 84' lang='lat' dir='ltr'><em>celibatum</em></span> <span class='ocrx_word' id='word_1_54' title='bbox 586 1260 650 1339; x_wconf 82' lang='lat' dir='ltr'><em>ago</em></span> <span class='ocrx_word' id='word_1_55' title='bbox 673 1281 739 1320; x_wconf 84' lang='lat' dir='ltr'><em>una</em></span> <span class='ocrx_word' id='word_1_56' title='bbox 759 1280 829 1319; x_wconf 85' lang='lat' dir='ltr'><em>oum</em></span> <span class='ocrx_word' id='word_1_57' title='bbox 848 1259 958 1334; x_wconf 86' lang='lat' dir='ltr'><em>Diis,</em></span> <span class='ocrx_word' id='word_1_58' title='bbox 991 1262 1082 1344; x_wconf 85' lang='lat' dir='ltr'><em>quod</em></span> 
     </span>
     <span class='ocr_line' id='line_1_9' title="bbox 51 1358 1082 1455; baseline 0.003 -25"><span class='ocrx_word' id='word_1_59' title='bbox 51 1358 219 1455; x_wconf 81' lang='lat' dir='ltr'><em>profecto</em></span> <span class='ocrx_word' id='word_1_60' title='bbox 233 1378 268 1429; x_wconf 90' lang='lat' dir='ltr'><em>te</em></span> <span class='ocrx_word' id='word_1_61' title='bbox 283 1389 411 1452; x_wconf 87' lang='lat' dir='ltr'><em>qnoque</em></span> <span class='ocrx_word' id='word_1_62' title='bbox 426 1372 541 1450; x_wconf 85' lang='lat' dir='ltr'><em>procui</em></span> <span class='ocrx_word' id='word_1_63' title='bbox 555 1369 655 1432; x_wconf 80' lang='lat' dir='ltr'><em>dnbio</em></span> <span class='ocrx_word' id='word_1_64' title='bbox 671 1374 734 1432; x_wconf 89' lang='lat' dir='ltr'><em>iam</em></span> <span class='ocrx_word' id='word_1_65' title='bbox 750 1369 902 1447; x_wconf 85' lang='lat' dir='ltr'><em>manebit.</em></span> <span class='ocrx_word' id='word_1_66' title='bbox 934 1371 989 1435; x_wconf 88' lang='lat' dir='ltr'><em>Ad</em></span> <span class='ocrx_word' id='word_1_67' title='bbox 1005 1371 1082 1433; x_wconf 76' lang='lat' dir='ltr'><em>isaeo</em></span> 
     </span>
     <span class='ocr_line' id='line_1_10' title="bbox 54 1466 1083 1563; baseline 0.004 -22"><span class='ocrx_word' id='word_1_68' title='bbox 54 1466 252 1545; x_wconf 68' lang='lat' dir='ltr'><em>Alexander*</em></span> <span class='ocrx_word' id='word_1_69' title='bbox 276 1501 345 1540; x_wconf 88' lang='lat' dir='ltr'><em>cum</em></span> <span class='ocrx_word' id='word_1_70' title='bbox 371 1474 479 1542; x_wconf 75' lang='lat' dir='ltr'><em>ratam</em></span> <span class='ocrx_word' id='word_1_71' title='bbox 503 1483 577 1561; x_wconf 86' lang='lat' dir='ltr'><em>spei</em></span> <span class='ocrx_word' id='word_1_72' title='bbox 604 1483 701 1542; x_wconf 83' lang='lat' dir='ltr'><em>istius</em></span> <span class='ocrx_word' id='word_1_73' title='bbox 725 1482 935 1563; x_wconf 78' lang='lat' dir='ltr'><em>requisisset,</em></span> <span class='ocrx_word' id='word_1_74' title='bbox 967 1482 1083 1545; x_wconf 82' lang='lat' dir='ltr'><em>Seson-</em></span> 
     </span>
     <span class='ocr_line' id='line_1_11' title="bbox 55 1588 1083 1673; baseline 0.002 -20"><span class='ocrx_word' id='word_1_75' title='bbox 55 1590 170 1654; x_wconf 79' lang='lat' dir='ltr'><em>thosis</em></span> <span class='ocrx_word' id='word_1_76' title='bbox 184 1610 314 1652; x_wconf 84' lang='lat' dir='ltr'><em>rursus:</em></span> <span class='ocrx_word' id='word_1_77' title='bbox 336 1592 430 1662; x_wconf 81' lang='lat' dir='ltr'><em>Iure,</em></span> <span class='ocrx_word' id='word_1_78' title='bbox 454 1593 581 1673; x_wconf 82' lang='lat' dir='ltr'><em>inquit,</em></span> <span class='ocrx_word' id='word_1_79' title='bbox 606 1591 676 1651; x_wconf 87' lang='lat' dir='ltr'><em>ista</em></span> <span class='ocrx_word' id='word_1_80' title='bbox 692 1588 758 1651; x_wconf 88' lang='lat' dir='ltr'><em>tibi</em></span> <span class='ocrx_word' id='word_1_81' title='bbox 773 1612 908 1669; x_wconf 85' lang='lat' dir='ltr'><em>sperare</em></span> <span class='ocrx_word' id='word_1_82' title='bbox 917 1596 1083 1668; x_wconf 80' lang='lat' dir='ltr'><em>convenit,</em></span> 
     </span>
    </p>

    <p class='ocr_par' dir='ltr' id='par_1_5' title="bbox 55 1700 1085 1896">
     <span class='ocr_line' id='line_1_12' title="bbox 55 1700 1083 1821; baseline 0.005 -59"><span class='ocrx_word' id='word_1_83' title='bbox 55 1722 119 1821; x_wconf 53' lang='grc' dir='ltr'><em>Ἦ</em></span> <span class='ocrx_word' id='word_1_84' title='bbox 139 1701 232 1765; x_wconf 84' lang='lat' dir='ltr'><em>inter</em></span> <span class='ocrx_word' id='word_1_85' title='bbox 251 1713 359 1761; x_wconf 83' lang='lat' dir='ltr'><em>cetera</em></span> <span class='ocrx_word' id='word_1_86' title='bbox 376 1700 497 1762; x_wconf 87' lang='lat' dir='ltr'><em>laboris</em></span> <span class='ocrx_word' id='word_1_87' title='bbox 517 1715 550 1762; x_wconf 86' lang='lat' dir='ltr'><em>et</em></span> <span class='ocrx_word' id='word_1_88' title='bbox 565 1700 712 1780; x_wconf 83' lang='lat' dir='ltr'><em>gloriae,</em></span> <span class='ocrx_word' id='word_1_89' title='bbox 743 1701 812 1759; x_wconf 87' lang='lat' dir='ltr'><em>eins</em></span> <span class='ocrx_word' id='word_1_90' title='bbox 837 1724 963 1784; x_wconf 83' lang='lat' dir='ltr'><em>quoqne</em></span> <span class='ocrx_word' id='word_1_91' title='bbox 991 1703 1083 1768; x_wconf 83' lang='lat' dir='ltr'><em>orbis</em></span> 
     </span>
     <span class='ocr_line' id='line_1_13' title="bbox 56 1782 1085 1896; baseline 0.002 -23"><span class='ocrx_word' id='word_1_92' title='bbox 56 1782 179 1873; x_wconf 78' lang='lat' dir='ltr'><em>tinctor</em></span> <span class='ocrx_word' id='word_1_93' title='bbox 195 1811 372 1883; x_wconf 79' lang='lat' dir='ltr'><em>extiteris,</em></span> <span class='ocrx_word' id='word_1_94' title='bbox 395 1809 582 1894; x_wconf 84' lang='lat' dir='ltr'><em>quaerebas</em></span> <span class='ocrx_word' id='word_1_95' title='bbox 600 1809 749 1870; x_wconf 81' lang='lat' dir='ltr'><em>humanis</em></span> <span class='ocrx_word' id='word_1_96' title='bbox 764 1811 1013 1896; x_wconf 84' lang='lat' dir='ltr'><em>magnificentia</em></span> <span class='ocrx_word' id='word_1_97' title='bbox 1024 1836 1085 1892; x_wconf 87' lang='lat' dir='ltr'><em>po·</em></span> 
     </span>
    </p>

    <p class='ocr_par' dir='ltr' id='par_1_6' title="bbox 10 1913 1085 2017">
     <span class='ocr_line' id='line_1_14' title="bbox 10 1913 1085 2017; baseline -0.002 -32"><span class='ocrx_word' id='word_1_98' title='bbox 10 1932 12 1943; x_wconf 93' lang='lat'>&#39;</span> <span class='ocrx_word' id='word_1_99' title='bbox 55 1924 146 1989; x_wconf 84' lang='lat' dir='ltr'><em>riter</em></span> <span class='ocrx_word' id='word_1_100' title='bbox 174 1922 316 1983; x_wconf 86' lang='lat' dir='ltr'><em>antistet</em></span> <span class='ocrx_word' id='word_1_101' title='bbox 348 1935 382 1983; x_wconf 93' lang='lat' dir='ltr'><em>et</em></span> <span class='ocrx_word' id='word_1_102' title='bbox 412 1922 537 2002; x_wconf 78' lang='lat' dir='ltr'><em>gloria.</em></span> <span class='ocrx_word' id='word_1_103' title='bbox 583 1919 693 2017; x_wconf 64' lang='lat' dir='ltr'><em>Quare</em></span> <span class='ocrx_word' id='word_1_104' title='bbox 714 1917 769 1981; x_wconf 83' lang='lat' dir='ltr'><em>obi</em></span> <span class='ocrx_word' id='word_1_105' title='bbox 782 1913 822 1963; x_wconf 77' lang='lat' dir='ltr'><em>(a)</em></span> <span class='ocrx_word' id='word_1_106' title='bbox 851 1922 1016 1987; x_wconf 67' lang='lat' dir='ltr'><em>intorsus</em></span> <span class='ocrx_word' id='word_1_107' title='bbox 1045 1930 1085 1986; x_wconf 77' lang='lat' dir='ltr'><em>ut</em></span> 
     </span>
    </p>

    <p class='ocr_par' dir='ltr' id='par_1_7' title="bbox 55 2033 967 2116">
     <span class='ocr_line' id='line_1_15' title="bbox 55 2033 967 2116; baseline -0.001 -19"><span class='ocrx_word' id='word_1_108' title='bbox 55 2035 176 2111; x_wconf 79' lang='lat' dir='ltr'><em>summi</em></span> <span class='ocrx_word' id='word_1_109' title='bbox 195 2048 322 2116; x_wconf 81' lang='lat' dir='ltr'><em>qnoque</em></span> <span class='ocrx_word' id='word_1_110' title='bbox 331 2035 517 2111; x_wconf 85' lang='lat' dir='ltr'><em>potentiam</em></span> <span class='ocrx_word' id='word_1_111' title='bbox 532 2033 692 2094; x_wconf 83' lang='lat' dir='ltr'><em>Numinis</em></span> <span class='ocrx_word' id='word_1_112' title='bbox 707 2052 819 2095; x_wconf 88' lang='lat' dir='ltr'><em>eoram</em></span> <span class='ocrx_word' id='word_1_113' title='bbox 832 2033 967 2096; x_wconf 85' lang='lat' dir='ltr'><em>salutes.</em></span> 
     </span>
    </p>

    <p class='ocr_par' dir='ltr' id='par_1_8' title="bbox 31 2131 1086 2223">
     <span class='ocr_line' id='line_1_16' title="bbox 31 2131 1086 2223; baseline 0.009 -25"><span class='ocrx_word' id='word_1_114' title='bbox 31 2164 36 2191; x_wconf 84' lang='grc' dir='ltr'>ι</span> <span class='ocrx_word' id='word_1_115' title='bbox 124 2137 280 2210; x_wconf 84' lang='lat' dir='ltr'>LXVIII.</span> <span class='ocrx_word' id='word_1_116' title='bbox 315 2143 394 2203; x_wconf 84' lang='lat' dir='ltr'><em>Tam</em></span> <span class='ocrx_word' id='word_1_117' title='bbox 412 2145 570 2204; x_wconf 84' lang='lat' dir='ltr'><em>audacior</em></span> <span class='ocrx_word' id='word_1_118' title='bbox 585 2131 621 2189; x_wconf 54' lang='grc' dir='ltr'><em>(ὃ)</em></span> <span class='ocrx_word' id='word_1_119' title='bbox 642 2161 701 2204; x_wconf 84' lang='lat' dir='ltr'><em>rest</em></span> <span class='ocrx_word' id='word_1_120' title='bbox 720 2143 890 2223; x_wconf 83' lang='lat' dir='ltr'><em>ingressus</em></span> <span class='ocrx_word' id='word_1_121' title='bbox 908 2147 995 2206; x_wconf 83' lang='lat' dir='ltr'><em>satri</em></span> <span class='ocrx_word' id='word_1_122' title='bbox 1018 2146 1086 2207; x_wconf 83' lang='lat' dir='ltr'><em>Ioci</em></span> 
     </span>
    </p>

    <p class='ocr_par' dir='ltr' id='par_1_9' title="bbox 32 2244 1236 3103">
     <span class='ocr_line' id='line_1_17' title="bbox 32 2244 1086 2342; baseline 0.006 -28"><span class='ocrx_word' id='word_1_123' title='bbox 32 2262 42 2269; x_wconf 83' lang='grc'><em>““</em></span> <span class='ocrx_word' id='word_1_124' title='bbox 56 2257 205 2333; x_wconf 84' lang='lat' dir='ltr'><em>poenita</em></span> <span class='ocrx_word' id='word_1_125' title='bbox 221 2246 276 2336; x_wconf 76' lang='lat'><strong>(⁶),</strong></span> <span class='ocrx_word' id='word_1_126' title='bbox 301 2246 487 2317; x_wconf 82' lang='lat' dir='ltr'><em>maiestatis</em></span> <span class='ocrx_word' id='word_1_127' title='bbox 501 2244 653 2342; x_wconf 82' lang='lat' dir='ltr'><em>effigiem</em></span> <span class='ocrx_word' id='word_1_128' title='bbox 669 2244 805 2316; x_wconf 70' lang='lat' dir='ltr'><em>rideret</em></span> <span class='ocrx_word' id='word_1_129' title='bbox 814 2245 961 2339; x_wconf 81' lang='lat' dir='ltr'><em>fulgore</em></span> <span class='ocrx_word' id='word_1_130' title='bbox 974 2255 1086 2320; x_wconf 75' lang='lat' dir='ltr'><em>aethe·</em></span> 
     </span>
     <span class='ocr_line' id='line_1_18' title="bbox 56 2363 1086 2445; baseline -0.001 -18"><span class='ocrx_word' id='word_1_131' title='bbox 56 2365 154 2427; x_wconf 86' lang='lat' dir='ltr'><em>riore</em></span> <span class='ocrx_word' id='word_1_132' title='bbox 170 2365 338 2425; x_wconf 76' lang='lat' dir='ltr'><em>nitentem.</em></span> <span class='ocrx_word' id='word_1_133' title='bbox 380 2365 557 2426; x_wconf 75' lang='lat' dir='ltr'><em>Enimvero</em></span> <span class='ocrx_word' id='word_1_134' title='bbox 581 2363 805 2425; x_wconf 82' lang='lat' dir='ltr'><em>sedentariam</em></span> <span class='ocrx_word' id='word_1_135' title='bbox 819 2366 980 2445; x_wconf 81' lang='lat' dir='ltr'><em>talemque</em></span> <span class='ocrx_word' id='word_1_136' title='bbox 988 2386 1086 2443; x_wconf 83' lang='lat' dir='ltr'><em>pror·</em></span> 
     </span>
     <span class='ocr_line' id='line_1_19' title="bbox 50 2462 1188 2550; baseline 0.009 -27"><span class='ocrx_word' id='word_1_137' title='bbox 50 2495 140 2549; x_wconf 61' lang='lat' dir='ltr'><em>¹sus,</em></span> <span class='ocrx_word' id='word_1_138' title='bbox 162 2469 291 2550; x_wconf 81' lang='lat' dir='ltr'><em>qualem</em></span> <span class='ocrx_word' id='word_1_139' title='bbox 312 2471 404 2546; x_wconf 86' lang='lat' dir='ltr'><em>opud</em></span> <span class='ocrx_word' id='word_1_140' title='bbox 425 2470 595 2531; x_wconf 79' lang='lat' dir='ltr'><em>Rhacotin</em></span> <span class='ocrx_word' id='word_1_141' title='bbox 609 2465 648 2514; x_wconf 76' lang='lat'><em>(¹)</em></span> <span class='ocrx_word' id='word_1_142' title='bbox 675 2471 851 2530; x_wconf 87' lang='lat' dir='ltr'><em>adoratum</em></span> <span class='ocrx_word' id='word_1_143' title='bbox 870 2493 891 2531; x_wconf 88' lang='lat' dir='ltr'><em>a</em></span> <span class='ocrx_word' id='word_1_144' title='bbox 910 2492 978 2532; x_wconf 89' lang='lat' dir='ltr'><em>sese</em></span> <span class='ocrx_word' id='word_1_145' title='bbox 1000 2493 1086 2533; x_wconf 87' lang='lat' dir='ltr'><em>snm·</em></span> <span class='ocrx_word' id='word_1_146' title='bbox 1185 2462 1188 2473; x_wconf 75' lang='grc'><strong>’</strong></span> 
     </span>
     <span class='ocr_line' id='line_1_20' title="bbox 55 2577 1236 2662; baseline 0.002 -23"><span class='ocrx_word' id='word_1_147' title='bbox 55 2579 277 2647; x_wconf 67' lang='lat' dir='ltr'><em>nium-Deum</em></span> <span class='ocrx_word' id='word_1_148' title='bbox 293 2577 479 2655; x_wconf 84' lang='lat' dir='ltr'><em>praesidem</em></span> <span class='ocrx_word' id='word_1_149' title='bbox 499 2578 652 2656; x_wconf 84' lang='lat' dir='ltr'><em>Serapim</em></span> <span class='ocrx_word' id='word_1_150' title='bbox 674 2578 894 2642; x_wconf 73' lang='lat' dir='ltr'><em>meminisset.-</em></span> <span class='ocrx_word' id='word_1_151' title='bbox 925 2578 981 2640; x_wconf 87' lang='lat' dir='ltr'><em>Ibi</em></span> <span class='ocrx_word' id='word_1_152' title='bbox 1005 2602 1086 2662; x_wconf 81' lang='lat' dir='ltr'><em>ergo</em></span> <span class='ocrx_word' id='word_1_153' title='bbox 1143 2583 1150 2598; x_wconf 76' lang='grc'><em>“’</em></span> <span class='ocrx_word' id='word_1_154' title='bbox 1183 2584 1185 2589; x_wconf 84' lang='grc'><strong>’</strong></span> <span class='ocrx_word' id='word_1_155' title='bbox 1233 2580 1236 2584; x_wconf 64' lang='grc'><strong><em>’</em></strong></span> 
     </span>
     <span class='ocr_line' id='line_1_21' title="bbox 58 2687 1089 2773; baseline -0.003 -18"><span class='ocrx_word' id='word_1_156' title='bbox 58 2713 137 2755; x_wconf 82' lang='lat' dir='ltr'><em>tam</em></span> <span class='ocrx_word' id='word_1_157' title='bbox 152 2690 416 2770; x_wconf 85' lang='lat' dir='ltr'><em>augustissimum</em></span> <span class='ocrx_word' id='word_1_158' title='bbox 439 2687 569 2749; x_wconf 88' lang='lat' dir='ltr'><em>Numen</em></span> <span class='ocrx_word' id='word_1_159' title='bbox 597 2688 785 2773; x_wconf 77' lang='lat' dir='ltr'><em>Alexander</em></span> <span class='ocrx_word' id='word_1_160' title='bbox 808 2689 999 2765; x_wconf 85' lang='lat' dir='ltr'><em>salutasset,</em></span> <span class='ocrx_word' id='word_1_161' title='bbox 1030 2713 1089 2772; x_wconf 79' lang='lat' dir='ltr'><em>ag·-</em></span> 
     </span>
     <span class='ocr_line' id='line_1_22' title="bbox 63 2789 1088 2884; baseline -0.001 -17"><span class='ocrx_word' id='word_1_162' title='bbox 63 2805 292 2884; x_wconf 80' lang='lat' dir='ltr'><em>m&#39;tionemqae</em></span> <span class='ocrx_word' id='word_1_163' title='bbox 311 2789 481 2884; x_wconf 86' lang='lat' dir='ltr'><em>confessus</em></span> <span class='ocrx_word' id='word_1_164' title='bbox 503 2812 586 2859; x_wconf 89' lang='lat' dir='ltr'><em>esset</em></span> <span class='ocrx_word' id='word_1_165' title='bbox 603 2799 680 2861; x_wconf 88' lang='lat' dir='ltr'><em>olim</em></span> <span class='ocrx_word' id='word_1_166' title='bbox 705 2799 836 2861; x_wconf 78' lang='lat' dir='ltr'><em>visitati</em></span> <span class='ocrx_word' id='word_1_167' title='bbox 851 2801 943 2872; x_wconf 88' lang='lat' dir='ltr'><em>Dei,</em></span> <span class='ocrx_word' id='word_1_168' title='bbox 974 2823 1088 2866; x_wconf 85' lang='lat' dir='ltr'><em>rursus</em></span> 
     </span>
     <span class='ocr_line' id='line_1_23' title="bbox 57 2909 1089 2992; baseline -0.001 -16"><span class='ocrx_word' id='word_1_169' title='bbox 57 2910 284 2981; x_wconf 73' lang='lat' dir='ltr'><em>¹Sesonelzosis</em></span> <span class='ocrx_word' id='word_1_170' title='bbox 301 2911 350 2969; x_wconf 84' lang='lat' dir='ltr'><em>sic</em></span> <span class='ocrx_word' id='word_1_171' title='bbox 373 2929 527 2971; x_wconf 82' lang='lat' dir='ltr'><em>exorsus:</em></span> <span class='ocrx_word' id='word_1_172' title='bbox 557 2910 742 2989; x_wconf 84' lang='lat' dir='ltr'><em>Numnam,</em></span> <span class='ocrx_word' id='word_1_173' title='bbox 765 2910 896 2992; x_wconf 84' lang='lat' dir='ltr'><em>inquit,</em></span> <span class='ocrx_word' id='word_1_174' title='bbox 927 2909 991 2972; x_wconf 85' lang='lat' dir='ltr'><em>tibi</em></span> <span class='ocrx_word' id='word_1_175' title='bbox 1017 2913 1089 2975; x_wconf 84' lang='lat' dir='ltr'><em>Ale·</em></span> 
     </span>
     <span class='ocr_line' id='line_1_24' title="bbox 66 3007 1184 3103; baseline -0.001 -18"><span class='ocrx_word' id='word_1_176' title='bbox 66 3026 198 3089; x_wconf 70' lang='lat' dir='ltr'><em>neander</em></span> <span class='ocrx_word' id='word_1_177' title='bbox 216 3024 330 3082; x_wconf 86' lang='lat' dir='ltr'><em>mirum</em></span> <span class='ocrx_word' id='word_1_178' title='bbox 346 3031 396 3080; x_wconf 88' lang='lat' dir='ltr'><em>est</em></span> <span class='ocrx_word' id='word_1_179' title='bbox 421 3019 456 3079; x_wconf 91' lang='lat' dir='ltr'><em>in</em></span> <span class='ocrx_word' id='word_1_180' title='bbox 480 3031 548 3080; x_wconf 90' lang='lat' dir='ltr'><em>tam</em></span> <span class='ocrx_word' id='word_1_181' title='bbox 575 3019 756 3103; x_wconf 80' lang='lat' dir='ltr'><em>longinquo</em></span> <span class='ocrx_word' id='word_1_182' title='bbox 781 3021 853 3083; x_wconf 86' lang='lat' dir='ltr'><em>Dei</em></span> <span class='ocrx_word' id='word_1_183' title='bbox 873 3019 969 3082; x_wconf 79' lang='lat' dir='ltr'><em>huius</em></span> <span class='ocrx_word' id='word_1_184' title='bbox 993 3042 1089 3101; x_wconf 89' lang='lat' dir='ltr'><em>prae·</em></span> <span class='ocrx_word' id='word_1_185' title='bbox 1180 3007 1184 3014; x_wconf 41' lang='lat'>¹</span> 
     </span>
    </p>

    <p class='ocr_par' dir='ltr' id='par_1_10' title="bbox 10 3116 1175 3213">
     <span class='ocr_line' id='line_1_25' title="bbox 10 3116 1175 3213; baseline 0.003 -20"><span class='ocrx_word' id='word_1_186' title='bbox 10 3172 13 3193; x_wconf 75' lang='grc'>,</span> <span class='ocrx_word' id='word_1_187' title='bbox 66 3134 210 3197; x_wconf 83' lang='lat' dir='ltr'><em>sentiam</em></span> <span class='ocrx_word' id='word_1_188' title='bbox 232 3135 331 3193; x_wconf 83' lang='lat' dir='ltr'><em>visam</em></span> <span class='ocrx_word' id='word_1_189' title='bbox 348 3132 436 3194; x_wconf 78' lang='lat' dir='ltr'><em>esse?</em></span> <span class='ocrx_word' id='word_1_190' title='bbox 459 3131 518 3193; x_wconf 89' lang='lat' dir='ltr'><em>sed</em></span> <span class='ocrx_word' id='word_1_191' title='bbox 535 3133 620 3193; x_wconf 89' lang='lat' dir='ltr'><em>idem</em></span> <span class='ocrx_word' id='word_1_192' title='bbox 637 3131 755 3213; x_wconf 77' lang='lat' dir='ltr'><em>ubique</em></span> <span class='ocrx_word' id='word_1_193' title='bbox 773 3143 862 3193; x_wconf 87' lang='lat' dir='ltr'><em>totus</em></span> <span class='ocrx_word' id='word_1_194' title='bbox 882 3155 921 3195; x_wconf 85' lang='lat' dir='ltr'><em>ac</em></span> <span class='ocrx_word' id='word_1_195' title='bbox 936 3116 1090 3210; x_wconf 71' lang='lat' dir='ltr'><em>praesens</em></span> <span class='ocrx_word' id='word_1_196' title='bbox 1171 3178 1175 3183; x_wconf 93' lang='lat'>-</span> 
     </span>
    </p>
   </div>
   <div class='ocr_carea' id='block_1_4' title="bbox 10 3226 1090 3373">
    <p class='ocr_par' dir='ltr' id='par_1_11' title="bbox 10 3226 1090 3373">
     <span class='ocr_line' id='line_1_26' title="bbox 10 3226 1090 3336; baseline 0.001 -30"><span class='ocrx_word' id='word_1_197' title='bbox 10 3246 33 3315; x_wconf 83' lang='grc'><em>“,</em></span> <span class='ocrx_word' id='word_1_198' title='bbox 66 3257 142 3315; x_wconf 80' lang='lat' dir='ltr'><em>est,</em></span> <span class='ocrx_word' id='word_1_199' title='bbox 164 3247 225 3308; x_wconf 87' lang='lat' dir='ltr'><em>ait.</em></span> <span class='ocrx_word' id='word_1_200' title='bbox 272 3242 370 3336; x_wconf 66' lang='lat' dir='ltr'><em>Quod</em></span> <span class='ocrx_word' id='word_1_201' title='bbox 387 3245 473 3305; x_wconf 88' lang='lat' dir='ltr'><em>enim</em></span> <span class='ocrx_word' id='word_1_202' title='bbox 490 3242 574 3305; x_wconf 85' lang='lat' dir='ltr'><em>caeli</em></span> <span class='ocrx_word' id='word_1_203' title='bbox 588 3239 862 3326; x_wconf 78' lang='lat' dir='ltr'><em>ambitus&#39;ubique</em></span> <span class='ocrx_word' id='word_1_204' title='bbox 878 3226 1090 3321; x_wconf 77' lang='lat' dir='ltr'><em>praestiterit</em></span> 
     </span>
     <span class='ocr_line' id='line_1_27' title="bbox 970 3336 986 3373; baseline 0 0"><span class='ocrx_word' id='word_1_205' title='bbox 970 3336 986 3373; x_wconf 61' lang='lat' dir='ltr'>x</span> 
     </span>
    </p>
   </div>
   <div class='ocr_carea' id='block_1_5' title="bbox 62 3400 1098 3427">
    <p class='ocr_par' dir='ltr' id='par_1_12' title="bbox 62 3400 1098 3427">
     <span class='ocr_line' id='line_1_28' title="bbox 62 3400 1098 3427; baseline 0.001 -4"><span class='ocrx_word' id='word_1_206' title='bbox 62 3400 1098 3427; x_wconf 44' lang='lat' dir='ltr'><em>——a——ss———m-——n-——m—-d</em></span> 
     </span>
    </p>
   </div>
   <div class='ocr_carea' id='block_1_6' title="bbox 93 3471 876 3533">
    <p class='ocr_par' dir='ltr' id='par_1_13' title="bbox 93 3471 876 3533">
     <span class='ocr_line' id='line_1_29' title="bbox 93 3471 876 3533; baseline -0.004 -10"><span class='ocrx_word' id='word_1_207' title='bbox 93 3480 136 3529; x_wconf 76' lang='lat' dir='ltr'><em>(a)</em></span> <span class='ocrx_word' id='word_1_208' title='bbox 154 3475 217 3522; x_wconf 78' lang='lat' dir='ltr'><em>cod.</em></span> <span class='ocrx_word' id='word_1_209' title='bbox 235 3471 345 3522; x_wconf 72' lang='lat' dir='ltr'><em>habitus.</em></span> <span class='ocrx_word' id='word_1_210' title='bbox 372 3472 408 3530; x_wconf 77' lang='lat' dir='ltr'><em>(b)</em></span> <span class='ocrx_word' id='word_1_211' title='bbox 426 3474 488 3528; x_wconf 81' lang='lat' dir='ltr'><em>cod,</em></span> <span class='ocrx_word' id='word_1_212' title='bbox 505 3475 595 3522; x_wconf 85' lang='lat' dir='ltr'><em>accior.</em></span> <span class='ocrx_word' id='word_1_213' title='bbox 624 3475 659 3527; x_wconf 87' lang='lat' dir='ltr'><em>(e)</em></span> <span class='ocrx_word' id='word_1_214' title='bbox 678 3473 740 3520; x_wconf 84' lang='lat' dir='ltr'><em>God.</em></span> <span class='ocrx_word' id='word_1_215' title='bbox 761 3474 876 3533; x_wconf 82' lang='lat' dir='ltr'><em>poenita.</em></span> 
     </span>
    </p>
   </div>
   <div class='ocr_carea' id='block_1_7' title="bbox 67 3669 1093 4089">
    <p class='ocr_par' dir='ltr' id='par_1_14' title="bbox 67 3669 1093 4089">
     <span class='ocr_line' id='line_1_30' title="bbox 116 3669 1088 3744; baseline 0.001 -20"><span class='ocrx_word' id='word_1_216' title='bbox 116 3671 165 3744; x_wconf 84' lang='lat' dir='ltr'><em>(t)</em></span> <span class='ocrx_word' id='word_1_217' title='bbox 187 3673 256 3727; x_wconf 82' lang='lat' dir='ltr'><em>cod.</em></span> <span class='ocrx_word' id='word_1_218' title='bbox 271 3673 398 3728; x_wconf 85' lang='lat' dir='ltr'><em>Racatin.</em></span> <span class='ocrx_word' id='word_1_219' title='bbox 415 3672 516 3725; x_wconf 84' lang='lat' dir='ltr'><em>Recole</em></span> <span class='ocrx_word' id='word_1_220' title='bbox 530 3671 577 3723; x_wconf 84' lang='lat' dir='ltr'><em>lib.</em></span> <span class='ocrx_word' id='word_1_221' title='bbox 593 3672 617 3722; x_wconf 90' lang='lat'><em>1.</em></span> <span class='ocrx_word' id='word_1_222' title='bbox 633 3687 691 3742; x_wconf 81' lang='lat' dir='ltr'><em>cap.</em></span> <span class='ocrx_word' id='word_1_223' title='bbox 713 3685 792 3726; x_wconf 80' lang='lat' dir='ltr'>xxx.</span> <span class='ocrx_word' id='word_1_224' title='bbox 819 3669 930 3726; x_wconf 73' lang='lat' dir='ltr'><em>Tacitus</em></span> <span class='ocrx_word' id='word_1_225' title='bbox 958 3671 1021 3730; x_wconf 71' lang='lat' dir='ltr'><em>hist.</em></span> <span class='ocrx_word' id='word_1_226' title='bbox 1043 3677 1088 3728; x_wconf 79' lang='lat' dir='ltr'>1v&#39;.</span> 
     </span>
     <span class='ocr_line' id='line_1_31' title="bbox 73 3756 1090 3830; baseline -0.001 -17"><span class='ocrx_word' id='word_1_227' title='bbox 73 3765 210 3815; x_wconf 74' lang='grc'><strong>88-84.</strong></span> <span class='ocrx_word' id='word_1_228' title='bbox 226 3772 335 3812; x_wconf 77' lang='lat' dir='ltr'><em>narrato</em></span> <span class='ocrx_word' id='word_1_229' title='bbox 353 3757 489 3812; x_wconf 77' lang='lat' dir='ltr'><em>simulacri</em></span> <span class='ocrx_word' id='word_1_230' title='bbox 503 3756 632 3827; x_wconf 74' lang='lat' dir='ltr'><em>serapioni</em></span> <span class='ocrx_word' id='word_1_231' title='bbox 645 3757 759 3811; x_wconf 77' lang='lat' dir='ltr'><em>advectu</em></span> <span class='ocrx_word' id='word_1_232' title='bbox 769 3762 810 3812; x_wconf 86' lang='lat' dir='ltr'><em>&#39;ex</em></span> <span class='ocrx_word' id='word_1_233' title='bbox 825 3757 891 3810; x_wconf 86' lang='lat' dir='ltr'><em>urbe</em></span> <span class='ocrx_word' id='word_1_234' title='bbox 908 3758 1008 3830; x_wconf 85' lang='lat' dir='ltr'><em>Sinope</em></span> <span class='ocrx_word' id='word_1_235' title='bbox 1019 3760 1090 3812; x_wconf 82' lang='lat' dir='ltr'><em>Ale-</em></span> 
     </span>
     <span class='ocr_line' id='line_1_32' title="bbox 70 3839 1090 3917; baseline -0.003 -18"><span class='ocrx_word' id='word_1_236' title='bbox 70 3845 218 3903; x_wconf 74' lang='lat' dir='ltr'><em>xandriam</em></span> <span class='ocrx_word' id='word_1_237' title='bbox 234 3845 309 3897; x_wconf 82' lang='lat' dir='ltr'><em>iussu</em></span> <span class='ocrx_word' id='word_1_238' title='bbox 324 3843 473 3897; x_wconf 78' lang='lat' dir='ltr'><em>Ptolemaei</em></span> <span class='ocrx_word' id='word_1_239' title='bbox 488 3843 603 3907; x_wconf 83' lang='lat' dir='ltr'><em>Soteris,</em></span> <span class='ocrx_word' id='word_1_240' title='bbox 635 3841 692 3896; x_wconf 84' lang='lat' dir='ltr'><em>ait:</em></span> <span class='ocrx_word' id='word_1_241' title='bbox 730 3839 881 3914; x_wconf 78' lang='lat' dir='ltr'><em>Templum</em></span> <span class='ocrx_word' id='word_1_242' title='bbox 907 3861 957 3915; x_wconf 82' lang='lat' dir='ltr'><em>pro</em></span> <span class='ocrx_word' id='word_1_243' title='bbox 981 3847 1090 3917; x_wconf 82' lang='lat' dir='ltr'><em>magni·</em></span> 
     </span>
     <span class='ocr_line' id='line_1_33' title="bbox 74 3927 1093 3994; baseline -0.004 -7"><span class='ocrx_word' id='word_1_244' title='bbox 74 3933 171 3987; x_wconf 75' lang='lat' dir='ltr'><em>tadine</em></span> <span class='ocrx_word' id='word_1_245' title='bbox 187 3930 260 3983; x_wconf 77' lang='lat' dir='ltr'><em>urbis</em></span> <span class='ocrx_word' id='word_1_246' title='bbox 275 3943 426 3983; x_wconf 73' lang='lat' dir='ltr'><em>extructum</em></span> <span class='ocrx_word' id='word_1_247' title='bbox 448 3927 525 3994; x_wconf 85' lang='lat' dir='ltr'><em>loco,</em></span> <span class='ocrx_word' id='word_1_248' title='bbox 552 3931 595 3981; x_wconf 88' lang='lat' dir='ltr'><em>eni</em></span> <span class='ocrx_word' id='word_1_249' title='bbox 620 3946 714 3983; x_wconf 84' lang='lat' dir='ltr'><em>nomen</em></span> <span class='ocrx_word' id='word_1_250' title='bbox 735 3927 881 3985; x_wconf 74' lang='lat' dir='ltr'><em>Rhacotis:</em></span> <span class='ocrx_word' id='word_1_251' title='bbox 907 3928 1006 3984; x_wconf 80' lang='lat' dir='ltr'><em>Fuerat</em></span> <span class='ocrx_word' id='word_1_252' title='bbox 1032 3928 1093 3983; x_wconf 82' lang='lat' dir='ltr'><em>illio&#39;</em></span> 
     </span>
     <span class='ocr_line' id='line_1_34' title="bbox 67 4012 858 4089; baseline -0.005 -16"><span class='ocrx_word' id='word_1_253' title='bbox 67 4015 206 4080; x_wconf 65' lang='lat' dir='ltr'><em>mellum</em></span> <span class='ocrx_word' id='word_1_254' title='bbox 222 4015 351 4089; x_wconf 80' lang='lat' dir='ltr'><em>Serapidi</em></span> <span class='ocrx_word' id='word_1_255' title='bbox 372 4029 451 4088; x_wconf 78' lang='lat' dir='ltr'><em>atquo</em></span> <span class='ocrx_word' id='word_1_256' title='bbox 471 4012 539 4068; x_wconf 82' lang='lat' dir='ltr'><em>Isidi</em></span> <span class='ocrx_word' id='word_1_257' title='bbox 551 4016 699 4088; x_wconf 73' lang='lat' dir='ltr'><em>antiquitus</em></span> <span class='ocrx_word' id='word_1_258' title='bbox 713 4023 858 4069; x_wconf 73' lang='lat' dir='ltr'><em>sacrarum.</em></span> 
     </span>
    </p>
   </div>
   <div class='ocr_carea' id='block_1_8' title="bbox 0 0 1414 4934">
    <p class='ocr_par' dir='ltr' id='par_1_15' title="bbox 0 0 1414 4934">
     <span class='ocr_line' id='line_1_35' title="bbox 0 0 1414 4934; baseline 0 0"><span class='ocrx_word' id='word_1_259' title='bbox 0 0 1414 4934; x_wconf 95' lang='lat' dir='ltr'><em> </em></span> 
     </span>
    </p>
   </div>
  </div>
 </body>
</html>
