<?xml version="1.0" encoding="UTF-8"?>
<!DOCTYPE html PUBLIC "-//W3C//DTD XHTML 1.0 Transitional//EN"
    "http://www.w3.org/TR/xhtml1/DTD/xhtml1-transitional.dtd">
<html xmlns="http://www.w3.org/1999/xhtml" xml:lang="en" lang="en">
 <head>
  <title>
</title>
<meta http-equiv="Content-Type" content="text/html;charset=utf-8" />
  <meta name='ocr-system' content='tesseract 3.04.00' />
  <meta name='ocr-capabilities' content='ocr_page ocr_carea ocr_par ocr_line ocrx_word'/>
</head>
<body>
  <div class='ocr_page' id='page_1' title='image "./itinerariumalex00valegoog_0137.png"; bbox 0 0 2776 4934; ppageno 0'>
   <div class='ocr_carea' id='block_1_1' title="bbox 358 426 1074 494">
    <p class='ocr_par' dir='ltr' id='par_1_1' title="bbox 358 426 1074 494">
     <span class='ocr_line' id='line_1_1' title="bbox 358 426 1074 494; baseline -0.001 0"><span class='ocrx_word' id='word_1_1' title='bbox 358 434 419 494; x_wconf 85' lang='lat'><strong>130</strong></span> <span class='ocrx_word' id='word_1_2' title='bbox 647 426 913 490; x_wconf 77' lang='lat' dir='ltr'>ALEXANDRI</span> <span class='ocrx_word' id='word_1_3' title='bbox 929 429 1074 493; x_wconf 71' lang='lat' dir='ltr'><strong>ortvs</strong></span> 
     </span>
    </p>
   </div>
   <div class='ocr_carea' id='block_1_2' title="bbox 262 596 1366 1953">
    <p class='ocr_par' dir='ltr' id='par_1_2' title="bbox 262 596 1366 1953">
     <span class='ocr_line' id='line_1_2' title="bbox 354 596 1366 675; baseline -0.002 0"><span class='ocrx_word' id='word_1_4' title='bbox 354 626 480 675; x_wconf 85' lang='lat' dir='ltr'><strong>menes</strong></span> <span class='ocrx_word' id='word_1_5' title='bbox 494 601 534 652; x_wconf 72' lang='lat'><strong>(²³</strong></span> <span class='ocrx_word' id='word_1_6' title='bbox 550 605 794 669; x_wconf 81' lang='lat' dir='ltr'><strong>Ecnaucratns</strong></span> <span class='ocrx_word' id='word_1_7' title='bbox 807 598 846 649; x_wconf 55' lang='grc' dir='ltr'><strong>θ)</strong></span> <span class='ocrx_word' id='word_1_8' title='bbox 871 617 910 669; x_wconf 87' lang='lat' dir='ltr'><strong>et</strong></span> <span class='ocrx_word' id='word_1_9' title='bbox 924 601 1141 672; x_wconf 74' lang='lat' dir='ltr'>Dinocrates</span> <span class='ocrx_word' id='word_1_10' title='bbox 1156 596 1313 673; x_wconf 84' lang='lat' dir='ltr'><strong>rhodius</strong></span> <span class='ocrx_word' id='word_1_11' title='bbox 1327 600 1366 653; x_wconf 57' lang='grc' dir='ltr'><strong>(ὅ)</strong></span> 
     </span>
     <span class='ocr_line' id='line_1_3' title="bbox 354 722 1365 809; baseline -0.006 -6"><span class='ocrx_word' id='word_1_12' title='bbox 354 734 394 803; x_wconf 91' lang='lat' dir='ltr'><strong>in</strong></span> <span class='ocrx_word' id='word_1_13' title='bbox 428 750 511 801; x_wconf 85' lang='lat' dir='ltr'><strong>eam</strong></span> <span class='ocrx_word' id='word_1_14' title='bbox 536 722 756 797; x_wconf 88' lang='lat' dir='ltr'><strong>sententiam</strong></span> <span class='ocrx_word' id='word_1_15' title='bbox 783 744 858 793; x_wconf 92' lang='lat' dir='ltr'><strong>non</strong></span> <span class='ocrx_word' id='word_1_16' title='bbox 891 723 1119 809; x_wconf 81' lang='lat' dir='ltr'><strong>accederent,</strong></span> <span class='ocrx_word' id='word_1_17' title='bbox 1156 743 1200 797; x_wconf 91' lang='lat' dir='ltr'><strong>nt</strong></span> <span class='ocrx_word' id='word_1_18' title='bbox 1223 742 1365 797; x_wconf 84' lang='lat' dir='ltr'><strong>tantam</strong></span> 
     </span>
     <span class='ocr_line' id='line_1_4' title="bbox 352 846 1364 951; baseline -0.01 -20"><span class='ocrx_word' id='word_1_19' title='bbox 352 858 458 931; x_wconf 88' lang='lat' dir='ltr'><strong>illam</strong></span> <span class='ocrx_word' id='word_1_20' title='bbox 491 850 637 936; x_wconf 88' lang='lat' dir='ltr'><strong>urbem,</strong></span> <span class='ocrx_word' id='word_1_21' title='bbox 677 862 814 945; x_wconf 88' lang='lat' dir='ltr'><strong>quanta</strong></span> <span class='ocrx_word' id='word_1_22' title='bbox 846 872 946 951; x_wconf 84' lang='lat' dir='ltr'><strong>nunc</strong></span> <span class='ocrx_word' id='word_1_23' title='bbox 979 866 1053 930; x_wconf 88' lang='lat' dir='ltr'><strong>est,</strong></span> <span class='ocrx_word' id='word_1_24' title='bbox 1087 849 1159 921; x_wconf 85' lang='lat' dir='ltr'><strong>niti</strong></span> <span class='ocrx_word' id='word_1_25' title='bbox 1192 846 1364 921; x_wconf 81' lang='lat' dir='ltr'><strong>deberet:</strong></span> 
     </span>
     <span class='ocr_line' id='line_1_5' title="bbox 262 958 1366 1079; baseline -0.011 -24"><span class='ocrx_word' id='word_1_26' title='bbox 262 1015 265 1021; x_wconf 94' lang='lat'>·</span> <span class='ocrx_word' id='word_1_27' title='bbox 355 981 456 1079; x_wconf 89' lang='lat' dir='ltr'><strong>quod</strong></span> <span class='ocrx_word' id='word_1_28' title='bbox 470 1002 592 1075; x_wconf 87' lang='lat' dir='ltr'><strong>neque</strong></span> <span class='ocrx_word' id='word_1_29' title='bbox 606 974 739 1071; x_wconf 86' lang='lat' dir='ltr'><strong>repleri</strong></span> <span class='ocrx_word' id='word_1_30' title='bbox 758 968 1011 1045; x_wconf 85' lang='lat' dir='ltr'><strong>aedificiorum</strong></span> <span class='ocrx_word' id='word_1_31' title='bbox 1028 958 1145 1070; x_wconf 84' lang='lat' dir='ltr'><strong>spatia</strong></span> <span class='ocrx_word' id='word_1_32' title='bbox 1161 990 1200 1045; x_wconf 87' lang='lat' dir='ltr'><strong>et</strong></span> <span class='ocrx_word' id='word_1_33' title='bbox 1214 990 1315 1051; x_wconf 83' lang='lat' dir='ltr'><strong>tecta</strong></span> <span class='ocrx_word' id='word_1_34' title='bbox 1327 973 1366 1027; x_wconf 61' lang='grc' dir='ltr'><strong>θ’)</strong></span> 
     </span>
     <span class='ocr_line' id='line_1_6' title="bbox 354 1097 1364 1197; baseline -0.005 -19"><span class='ocrx_word' id='word_1_35' title='bbox 354 1105 472 1178; x_wconf 90' lang='lat' dir='ltr'><strong>turbis</strong></span> <span class='ocrx_word' id='word_1_36' title='bbox 506 1097 800 1196; x_wconf 80' lang='lat' dir='ltr'><strong>competentibus</strong></span> <span class='ocrx_word' id='word_1_37' title='bbox 823 1098 1080 1194; x_wconf 77' lang='lat' dir='ltr'><strong>opinarentur,</strong></span> <span class='ocrx_word' id='word_1_38' title='bbox 1115 1122 1185 1169; x_wconf 91' lang='lat' dir='ltr'><strong>nec</strong></span> <span class='ocrx_word' id='word_1_39' title='bbox 1224 1100 1364 1197; x_wconf 85' lang='lat' dir='ltr'><strong>repleta</strong></span> 
     </span>
     <span class='ocr_line' id='line_1_7' title="bbox 354 1222 1366 1323; baseline -0.018 -22"><span class='ocrx_word' id='word_1_40' title='bbox 354 1232 405 1301; x_wconf 89' lang='lat' dir='ltr'><strong>ali</strong></span> <span class='ocrx_word' id='word_1_41' title='bbox 437 1227 545 1301; x_wconf 81' lang='lat' dir='ltr'><strong>facile</strong></span> <span class='ocrx_word' id='word_1_42' title='bbox 577 1224 792 1323; x_wconf 88' lang='lat' dir='ltr'><strong>potuissent.</strong></span> <span class='ocrx_word' id='word_1_43' title='bbox 841 1230 899 1295; x_wconf 80' lang='lat' dir='ltr'><strong>Ex</strong></span> <span class='ocrx_word' id='word_1_44' title='bbox 929 1248 1004 1319; x_wconf 92' lang='lat' dir='ltr'><strong>quo</strong></span> <span class='ocrx_word' id='word_1_45' title='bbox 1036 1222 1118 1299; x_wconf 78' lang='lat' dir='ltr'><strong>fore</strong></span> <span class='ocrx_word' id='word_1_46' title='bbox 1138 1222 1366 1299; x_wconf 78' lang='lat' dir='ltr'><strong>arbitrabar.</strong></span> 
     </span>
     <span class='ocr_line' id='line_1_8' title="bbox 353 1348 1364 1447; baseline -0.005 -19"><span class='ocrx_word' id='word_1_47' title='bbox 353 1374 414 1428; x_wconf 87' lang='lat' dir='ltr'><strong>tur</strong></span> <span class='ocrx_word' id='word_1_48' title='bbox 443 1353 540 1426; x_wconf 89' lang='lat' dir='ltr'><strong>bella</strong></span> <span class='ocrx_word' id='word_1_49' title='bbox 572 1351 779 1445; x_wconf 82' lang='lat' dir='ltr'><strong>frequentia</strong></span> <span class='ocrx_word' id='word_1_50' title='bbox 802 1348 864 1423; x_wconf 87' lang='lat' dir='ltr'><strong>vel</strong></span> <span class='ocrx_word' id='word_1_51' title='bbox 894 1348 1107 1422; x_wconf 79' lang='lat' dir='ltr'><strong>necessitate</strong></span> <span class='ocrx_word' id='word_1_52' title='bbox 1136 1350 1364 1447; x_wconf 78' lang='lat' dir='ltr'><strong>quaerendae</strong></span> 
     </span>
     <span class='ocr_line' id='line_1_9' title="bbox 351 1472 1362 1572; baseline -0.003 -21"><span class='ocrx_word' id='word_1_53' title='bbox 351 1479 550 1552; x_wconf 83' lang='lat' dir='ltr'><strong>alimoniae</strong></span> <span class='ocrx_word' id='word_1_54' title='bbox 581 1473 627 1546; x_wconf 83' lang='lat' dir='ltr'><strong>ab</strong></span> <span class='ocrx_word' id='word_1_55' title='bbox 667 1476 756 1572; x_wconf 88' lang='lat' dir='ltr'><strong>ipsis</strong></span> <span class='ocrx_word' id='word_1_56' title='bbox 794 1472 1042 1548; x_wconf 80' lang='lat' dir='ltr'><strong>incolentibus</strong></span> <span class='ocrx_word' id='word_1_57' title='bbox 1078 1475 1260 1560; x_wconf 90' lang='lat' dir='ltr'><strong>ineunda,</strong></span> <span class='ocrx_word' id='word_1_58' title='bbox 1283 1496 1362 1551; x_wconf 84' lang='lat' dir='ltr'><strong>&#39;seu</strong></span> 
     </span>
     <span class='ocr_line' id='line_1_10' title="bbox 349 1592 1360 1702; baseline -0.004 -23"><span class='ocrx_word' id='word_1_59' title='bbox 349 1603 537 1702; x_wconf 88' lang='lat' dir='ltr'><strong>opulentia</strong></span> <span class='ocrx_word' id='word_1_60' title='bbox 573 1603 828 1696; x_wconf 86' lang='lat' dir='ltr'><strong>praevalerent</strong></span> <span class='ocrx_word' id='word_1_61' title='bbox 863 1627 928 1675; x_wconf 92' lang='lat' dir='ltr'><strong>seu</strong></span> <span class='ocrx_word' id='word_1_62' title='bbox 969 1600 1109 1673; x_wconf 89' lang='lat' dir='ltr'><strong>viribus</strong></span> <span class='ocrx_word' id='word_1_63' title='bbox 1145 1592 1360 1686; x_wconf 82' lang='lat' dir='ltr'><strong>delicerent,</strong></span> 
     </span>
     <span class='ocr_line' id='line_1_11' title="bbox 350 1725 1358 1825; baseline -0.002 -23"><span class='ocrx_word' id='word_1_64' title='bbox 350 1730 442 1802; x_wconf 88' lang='lat' dir='ltr'><strong>dum</strong></span> <span class='ocrx_word' id='word_1_65' title='bbox 485 1745 550 1800; x_wconf 89' lang='lat' dir='ltr'><strong>aut</strong></span> <span class='ocrx_word' id='word_1_66' title='bbox 598 1729 819 1823; x_wconf 81' lang='lat' dir='ltr'><strong>impeterent</strong></span> <span class='ocrx_word' id='word_1_67' title='bbox 861 1725 1001 1825; x_wconf 90' lang='lat' dir='ltr'><strong>aliquid</strong></span> <span class='ocrx_word' id='word_1_68' title='bbox 1038 1742 1101 1797; x_wconf 88' lang='lat' dir='ltr'><strong>aut</strong></span> <span class='ocrx_word' id='word_1_69' title='bbox 1138 1746 1358 1823; x_wconf 74' lang='lat' dir='ltr'><strong>peterentur.</strong></span> 
     </span>
     <span class='ocr_line' id='line_1_12' title="bbox 349 1853 1357 1953; baseline -0.001 -27"><span class='ocrx_word' id='word_1_70' title='bbox 349 1856 494 1953; x_wconf 82' lang='lat' dir='ltr'><strong>Quippe</strong></span> <span class='ocrx_word' id='word_1_71' title='bbox 525 1853 759 1925; x_wconf 85' lang='lat' dir='ltr'><strong>moderatum</strong></span> <span class='ocrx_word' id='word_1_72' title='bbox 783 1853 935 1926; x_wconf 90' lang='lat' dir='ltr'><strong>urbium</strong></span> <span class='ocrx_word' id='word_1_73' title='bbox 964 1867 1101 1925; x_wconf 88' lang='lat' dir='ltr'><strong>statum</strong></span> <span class='ocrx_word' id='word_1_74' title='bbox 1136 1868 1173 1924; x_wconf 91' lang='lat' dir='ltr'><strong>et</strong></span> <span class='ocrx_word' id='word_1_75' title='bbox 1196 1854 1357 1925; x_wconf 80' lang='lat' dir='ltr'><strong>consiliis</strong></span> 
     </span>
    </p>
   </div>
   <div class='ocr_carea' id='block_1_3' title="bbox 371 2096 604 2151">
    <p class='ocr_par' dir='ltr' id='par_1_3' title="bbox 371 2096 604 2151">
     <span class='ocr_line' id='line_1_13' title="bbox 371 2096 604 2151; baseline -0.039 -6"><span class='ocrx_word' id='word_1_76' title='bbox 371 2100 413 2151; x_wconf 80' lang='lat' dir='ltr'><strong>(a)</strong></span> <span class='ocrx_word' id='word_1_77' title='bbox 430 2097 496 2144; x_wconf 81' lang='lat' dir='ltr'><strong>cod.</strong></span> <span class='ocrx_word' id='word_1_78' title='bbox 514 2107 539 2143; x_wconf 83' lang='lat' dir='ltr'><strong>ee</strong></span> <span class='ocrx_word' id='word_1_79' title='bbox 556 2096 604 2142; x_wconf 82' lang='lat' dir='ltr'><strong>ita.</strong></span> 
     </span>
    </p>
   </div>
   <div class='ocr_carea' id='block_1_4' title="bbox 335 2285 1352 4070">
    <p class='ocr_par' dir='ltr' id='par_1_4' title="bbox 345 2285 1352 2696">
     <span class='ocr_line' id='line_1_14' title="bbox 389 2285 1352 2359; baseline 0.005 -17"><span class='ocrx_word' id='word_1_80' title='bbox 389 2288 434 2359; x_wconf 89' lang='lat'><strong>(1)</strong></span> <span class='ocrx_word' id='word_1_81' title='bbox 465 2292 497 2342; x_wconf 88' lang='lat' dir='ltr'><strong>In</strong></span> <span class='ocrx_word' id='word_1_82' title='bbox 521 2287 682 2341; x_wconf 83' lang='lat' dir='ltr'><strong>architectis¹</strong></span> <span class='ocrx_word' id='word_1_83' title='bbox 700 2286 882 2339; x_wconf 80' lang='lat' dir='ltr'><strong>Alexandriae</strong></span> <span class='ocrx_word' id='word_1_84' title='bbox 908 2285 1076 2340; x_wconf 79' lang='lat' dir='ltr'><strong>Cleomenem</strong></span> <span class='ocrx_word' id='word_1_85' title='bbox 1101 2304 1250 2345; x_wconf 86' lang='lat' dir='ltr'><strong>numerant</strong></span> <span class='ocrx_word' id='word_1_86' title='bbox 1276 2292 1352 2347; x_wconf 70' lang='lat' dir='ltr'><strong>eliu</strong></span> 
     </span>
     <span class='ocr_line' id='line_1_15' title="bbox 345 2372 1348 2442; baseline 0.001 -12"><span class='ocrx_word' id='word_1_87' title='bbox 345 2376 463 2430; x_wconf 81' lang='lat' dir='ltr'><strong>Iustinus</strong></span> <span class='ocrx_word' id='word_1_88' title='bbox 484 2389 555 2428; x_wconf 86' lang='lat' dir='ltr'><strong>xrrr.</strong></span> <span class='ocrx_word' id='word_1_89' title='bbox 578 2379 603 2427; x_wconf 77' lang='grc'><strong>4.</strong></span> <span class='ocrx_word' id='word_1_90' title='bbox 630 2386 655 2424; x_wconf 88' lang='lat' dir='ltr'><strong>et</strong></span> <span class='ocrx_word' id='word_1_91' title='bbox 675 2372 761 2425; x_wconf 82' lang='lat' dir='ltr'><strong>codex</strong></span> <span class='ocrx_word' id='word_1_92' title='bbox 784 2389 895 2442; x_wconf 83' lang='lat' dir='ltr'><strong>graecus</strong></span> <span class='ocrx_word' id='word_1_93' title='bbox 920 2374 1004 2424; x_wconf 85' lang='lat' dir='ltr'><strong>ambr.</strong></span> <span class='ocrx_word' id='word_1_94' title='bbox 1044 2373 1082 2426; x_wconf 84' lang='lat' dir='ltr'><strong>At</strong></span> <span class='ocrx_word' id='word_1_95' title='bbox 1105 2376 1244 2431; x_wconf 73' lang='lat' dir='ltr'><strong>Arriam</strong></span> <span class='ocrx_word' id='word_1_96' title='bbox 1262 2380 1348 2435; x_wconf 73' lang='lat' dir='ltr'><strong>nrt</strong></span> 
     </span>
     <span class='ocr_line' id='line_1_16' title="bbox 349 2457 1344 2533; baseline 0.001 -16"><span class='ocrx_word' id='word_1_97' title='bbox 349 2460 517 2517; x_wconf 78' lang='lat' dir='ltr'><strong>Cleomenem</strong></span> <span class='ocrx_word' id='word_1_98' title='bbox 531 2459 716 2533; x_wconf 85' lang='lat' dir='ltr'><strong>praepositum</strong></span> <span class='ocrx_word' id='word_1_99' title='bbox 726 2457 842 2511; x_wconf 73' lang='lat' dir='ltr'><strong>Arabiae</strong></span> <span class='ocrx_word' id='word_1_100' title='bbox 852 2458 884 2510; x_wconf 87' lang='lat' dir='ltr'><strong>ab</strong></span> <span class='ocrx_word' id='word_1_101' title='bbox 894 2458 1047 2511; x_wconf 81' lang='lat' dir='ltr'><strong>Alexandro</strong></span> <span class='ocrx_word' id='word_1_102' title='bbox 1061 2460 1136 2512; x_wconf 84' lang='lat' dir='ltr'><strong>dicit.</strong></span> <span class='ocrx_word' id='word_1_103' title='bbox 1158 2462 1276 2517; x_wconf 81' lang='lat' dir='ltr'><strong>Curtius</strong></span> <span class='ocrx_word' id='word_1_104' title='bbox 1283 2470 1344 2517; x_wconf 70' lang='lat' dir='ltr'><strong>m</strong></span> 
     </span>
     <span class='ocr_line' id='line_1_17' title="bbox 345 2542 1345 2618; baseline 0.001 -16"><span class='ocrx_word' id='word_1_105' title='bbox 345 2546 456 2602; x_wconf 82' lang='lat' dir='ltr'><strong>Africae</strong></span> <span class='ocrx_word' id='word_1_106' title='bbox 474 2559 500 2598; x_wconf 86' lang='lat' dir='ltr'><strong>et</strong></span> <span class='ocrx_word' id='word_1_107' title='bbox 511 2545 634 2617; x_wconf 77' lang='lat' dir='ltr'><strong>Aegypti</strong></span> <span class='ocrx_word' id='word_1_108' title='bbox 652 2543 844 2613; x_wconf 86' lang='lat' dir='ltr'><strong>vectigalibus,</strong></span> <span class='ocrx_word' id='word_1_109' title='bbox 873 2542 975 2597; x_wconf 87' lang='lat' dir='ltr'><strong>scilicet</strong></span> <span class='ocrx_word' id='word_1_110' title='bbox 995 2557 1141 2618; x_wconf 78' lang='lat' dir='ltr'><strong>postquam</strong></span> <span class='ocrx_word' id='word_1_111' title='bbox 1158 2546 1345 2603; x_wconf 80' lang='lat' dir='ltr'><strong>Alexandrian</strong></span> 
     </span>
     <span class='ocr_line' id='line_1_18' title="bbox 345 2629 972 2696; baseline -0.008 -11"><span class='ocrx_word' id='word_1_112' title='bbox 345 2633 549 2696; x_wconf 85' lang='lat' dir='ltr'><strong>aedificaverat,</strong></span> <span class='ocrx_word' id='word_1_113' title='bbox 570 2643 600 2683; x_wconf 90' lang='lat' dir='ltr'><strong>ut</strong></span> <span class='ocrx_word' id='word_1_114' title='bbox 616 2630 654 2682; x_wconf 87' lang='lat' dir='ltr'><strong>ait</strong></span> <span class='ocrx_word' id='word_1_115' title='bbox 670 2629 787 2681; x_wconf 86' lang='lat' dir='ltr'><strong>Iustinus</strong></span> <span class='ocrx_word' id='word_1_116' title='bbox 804 2629 864 2681; x_wconf 92' lang='lat' dir='ltr'><strong>loco</strong></span> <span class='ocrx_word' id='word_1_117' title='bbox 881 2629 972 2683; x_wconf 85' lang='lat' dir='ltr'><strong>citato.</strong></span> 
     </span>
    </p>

    <p class='ocr_par' dir='ltr' id='par_1_5' title="bbox 340 2712 1347 3456">
     <span class='ocr_line' id='line_1_19' title="bbox 389 2712 1347 2792; baseline 0.006 -23"><span class='ocrx_word' id='word_1_118' title='bbox 389 2712 436 2792; x_wconf 83' lang='lat' dir='ltr'><strong>(a)</strong></span> <span class='ocrx_word' id='word_1_119' title='bbox 458 2717 524 2771; x_wconf 86' lang='lat' dir='ltr'><strong>ced.</strong></span> <span class='ocrx_word' id='word_1_120' title='bbox 543 2714 696 2769; x_wconf 81' lang='lat' dir='ltr'><strong>Cleomenes</strong></span> <span class='ocrx_word' id='word_1_121' title='bbox 710 2733 743 2766; x_wconf 85' lang='lat' dir='ltr'><strong>ac</strong></span> <span class='ocrx_word' id='word_1_122' title='bbox 760 2714 928 2779; x_wconf 77' lang='lat' dir='ltr'><strong>Nemracus,</strong></span> <span class='ocrx_word' id='word_1_123' title='bbox 950 2727 977 2769; x_wconf 84' lang='lat' dir='ltr'><strong>et</strong></span> <span class='ocrx_word' id='word_1_124' title='bbox 994 2731 1053 2785; x_wconf 86' lang='lat' dir='ltr'><strong>cap.</strong></span> <span class='ocrx_word' id='word_1_125' title='bbox 1068 2729 1188 2773; x_wconf 80' lang='lat' dir='ltr'><strong>xxxrrr.</strong></span> <span class='ocrx_word' id='word_1_126' title='bbox 1214 2717 1347 2775; x_wconf 71' lang='lat' dir='ltr'><strong>ctam</strong></span> 
     </span>
     <span class='ocr_line' id='line_1_20' title="bbox 344 2788 1347 2883; baseline 0.01 -28"><span class='ocrx_word' id='word_1_127' title='bbox 344 2802 379 2855; x_wconf 82' lang='lat' dir='ltr'><strong>de</strong></span> <span class='ocrx_word' id='word_1_128' title='bbox 405 2805 554 2857; x_wconf 83' lang='lat' dir='ltr'><strong>Naucrate.</strong></span> <span class='ocrx_word' id='word_1_129' title='bbox 591 2801 723 2855; x_wconf 84' lang='lat' dir='ltr'><strong>Arrianus</strong></span> <span class='ocrx_word' id='word_1_130' title='bbox 744 2800 794 2854; x_wconf 87' lang='lat'>111.</span> <span class='ocrx_word' id='word_1_131' title='bbox 816 2807 840 2852; x_wconf 80' lang='grc'><strong>5.</strong></span> <span class='ocrx_word' id='word_1_132' title='bbox 863 2801 944 2852; x_wconf 80' lang='lat' dir='ltr'><strong>hahet</strong></span> <span class='ocrx_word' id='word_1_133' title='bbox 965 2802 1108 2873; x_wconf 59' lang='grc' dir='ltr'>Κλεομένην</span> <span class='ocrx_word' id='word_1_134' title='bbox 1126 2800 1175 2859; x_wconf 75' lang='lat' dir='ltr'><strong>ede</strong></span> <span class='ocrx_word' id='word_1_135' title='bbox 1190 2788 1347 2883; x_wconf 55' lang='lat' dir='ltr'><strong>’nemore</strong></span> 
     </span>
     <span class='ocr_line' id='line_1_21' title="bbox 343 2886 1347 2969; baseline -0.005 -23"><span class='ocrx_word' id='word_1_136' title='bbox 343 2914 396 2946; x_wconf 74' lang='lat' dir='ltr'><strong>eres</strong></span> <span class='ocrx_word' id='word_1_137' title='bbox 411 2889 449 2941; x_wconf 86' lang='lat' dir='ltr'><strong>ita</strong></span> <span class='ocrx_word' id='word_1_138' title='bbox 468 2901 499 2940; x_wconf 91' lang='lat' dir='ltr'><strong>ut</strong></span> <span class='ocrx_word' id='word_1_139' title='bbox 517 2889 554 2940; x_wconf 84' lang='lat' dir='ltr'><strong>sit</strong></span> <span class='ocrx_word' id='word_1_140' title='bbox 574 2904 642 2939; x_wconf 88' lang='lat' dir='ltr'><strong>unus</strong></span> <span class='ocrx_word' id='word_1_141' title='bbox 660 2887 787 2955; x_wconf 87' lang='lat' dir='ltr'><strong>idemque</strong></span> <span class='ocrx_word' id='word_1_142' title='bbox 804 2886 855 2937; x_wconf 88' lang='lat' dir='ltr'><strong>vir.</strong></span> <span class='ocrx_word' id='word_1_143' title='bbox 876 2887 998 2938; x_wconf 87' lang='lat' dir='ltr'><strong>Iamvero</strong></span> <span class='ocrx_word' id='word_1_144' title='bbox 1017 2886 1043 2938; x_wconf 85' lang='lat' dir='ltr'><strong>si</strong></span> <span class='ocrx_word' id='word_1_145' title='bbox 1064 2888 1098 2939; x_wconf 84' lang='lat' dir='ltr'><strong>nd</strong></span> <span class='ocrx_word' id='word_1_146' title='bbox 1115 2887 1347 2969; x_wconf 52' lang='lat' dir='ltr'><strong>primum-125⁷·-</strong></span> 
     </span>
     <span class='ocr_line' id='line_1_22' title="bbox 344 2970 1345 3043; baseline 0 -16"><span class='ocrx_word' id='word_1_147' title='bbox 344 2973 404 3027; x_wconf 88' lang='lat' dir='ltr'><strong>lerii</strong></span> <span class='ocrx_word' id='word_1_148' title='bbox 420 2975 511 3026; x_wconf 87' lang='lat' dir='ltr'><strong>locum</strong></span> <span class='ocrx_word' id='word_1_149' title='bbox 526 2972 669 3043; x_wconf 83' lang='lat' dir='ltr'><strong>respicias,</strong></span> <span class='ocrx_word' id='word_1_150' title='bbox 690 2970 771 3023; x_wconf 87' lang='lat' dir='ltr'><strong>sacile</strong></span> <span class='ocrx_word' id='word_1_151' title='bbox 790 2981 867 3040; x_wconf 87' lang='lat' dir='ltr'><strong>putes</strong></span> <span class='ocrx_word' id='word_1_152' title='bbox 886 2986 976 3023; x_wconf 85' lang='lat' dir='ltr'><strong>errore</strong></span> <span class='ocrx_word' id='word_1_153' title='bbox 989 2971 1094 3025; x_wconf 85' lang='lat' dir='ltr'><strong>librarii</strong></span> <span class='ocrx_word' id='word_1_154' title='bbox 1109 2973 1212 3028; x_wconf 82' lang='lat' dir='ltr'><strong>factum</strong></span> <span class='ocrx_word' id='word_1_155' title='bbox 1226 2996 1264 3033; x_wconf 77' lang='lat' dir='ltr'><strong>ac</strong></span> <span class='ocrx_word' id='word_1_156' title='bbox 1277 2978 1345 3033; x_wconf 71' lang='lat' dir='ltr'><strong>Neu·</strong></span> 
     </span>
     <span class='ocr_line' id='line_1_23' title="bbox 344 3054 1344 3135; baseline 0.001 -23"><span class='ocrx_word' id='word_1_157' title='bbox 344 3073 434 3113; x_wconf 83' lang='lat' dir='ltr'><strong>cretus</strong></span> <span class='ocrx_word' id='word_1_158' title='bbox 456 3076 504 3128; x_wconf 92' lang='lat' dir='ltr'><strong>pro</strong></span> <span class='ocrx_word' id='word_1_159' title='bbox 524 3057 722 3113; x_wconf 71' lang='lat' dir='ltr'><strong>Ecneecrarusr</strong></span> <span class='ocrx_word' id='word_1_160' title='bbox 743 3055 768 3105; x_wconf 90' lang='lat' dir='ltr'><strong>si</strong></span> <span class='ocrx_word' id='word_1_161' title='bbox 791 3055 826 3106; x_wconf 85' lang='lat' dir='ltr'><strong>ad</strong></span> <span class='ocrx_word' id='word_1_162' title='bbox 849 3055 1012 3121; x_wconf 83' lang='lat' dir='ltr'><strong>secundnm,</strong></span> <span class='ocrx_word' id='word_1_163' title='bbox 1033 3075 1090 3110; x_wconf 89' lang='lat' dir='ltr'><strong>non</strong></span> <span class='ocrx_word' id='word_1_164' title='bbox 1108 3058 1252 3117; x_wconf 83' lang='lat' dir='ltr'><strong>immerito</strong></span> <span class='ocrx_word' id='word_1_165' title='bbox 1267 3054 1344 3135; x_wconf 57' lang='grc' dir='ltr'><strong>ηιμ-</strong></span> 
     </span>
     <span class='ocr_line' id='line_1_24' title="bbox 343 3140 1343 3222; baseline -0.004 -24"><span class='ocrx_word' id='word_1_166' title='bbox 343 3145 410 3198; x_wconf 87' lang='lat' dir='ltr'><strong>ceris</strong></span> <span class='ocrx_word' id='word_1_167' title='bbox 429 3145 517 3215; x_wconf 86' lang='lat' dir='ltr'><strong>ipsum</strong></span> <span class='ocrx_word' id='word_1_168' title='bbox 534 3145 567 3194; x_wconf 84' lang='grc' dir='ltr'><strong>Ἰ·</strong></span> <span class='ocrx_word' id='word_1_169' title='bbox 585 3141 725 3193; x_wconf 87' lang='lat' dir='ltr'><strong>Valerium</strong></span> <span class='ocrx_word' id='word_1_170' title='bbox 747 3140 906 3193; x_wconf 82' lang='lat' dir='ltr'><strong>vocabulum</strong></span> <span class='ocrx_word' id='word_1_171' title='bbox 926 3142 1027 3213; x_wconf 83' lang='lat' dir='ltr'><strong>Aesopi</strong></span> <span class='ocrx_word' id='word_1_172' title='bbox 1044 3142 1252 3222; x_wconf 55' lang='lat' dir='ltr'><strong>&#39;Euvauxpqu</strong></span> <span class='ocrx_word' id='word_1_173' title='bbox 1269 3150 1343 3205; x_wconf 64' lang='lat' dir='ltr'><strong>im·</strong></span> 
     </span>
     <span class='ocr_line' id='line_1_25' title="bbox 341 3226 1345 3305; baseline 0.006 -22"><span class='ocrx_word' id='word_1_174' title='bbox 341 3242 478 3305; x_wconf 72' lang='lat' dir='ltr'><strong>prelatum</strong></span> <span class='ocrx_word' id='word_1_175' title='bbox 500 3245 557 3279; x_wconf 87' lang='lat' dir='ltr'><strong>esee</strong></span> <span class='ocrx_word' id='word_1_176' title='bbox 575 3226 609 3277; x_wconf 85' lang='lat' dir='ltr'><strong>de</strong></span> <span class='ocrx_word' id='word_1_177' title='bbox 628 3226 775 3279; x_wconf 78' lang='lat' dir='ltr'><strong>Neaeram.</strong></span> <span class='ocrx_word' id='word_1_178' title='bbox 816 3227 893 3296; x_wconf 85' lang='lat' dir='ltr'><strong>Quae</strong></span> <span class='ocrx_word' id='word_1_179' title='bbox 907 3241 1054 3301; x_wconf 89' lang='lat' dir='ltr'><strong>utcumque</strong></span> <span class='ocrx_word' id='word_1_180' title='bbox 1071 3248 1114 3285; x_wconf 88' lang='lat' dir='ltr'><strong>res</strong></span> <span class='ocrx_word' id='word_1_181' title='bbox 1130 3250 1160 3285; x_wconf 79' lang='lat' dir='ltr'><strong>ae</strong></span> <span class='ocrx_word' id='word_1_182' title='bbox 1174 3234 1293 3302; x_wconf 77' lang='lat' dir='ltr'><strong>habuit,</strong></span> <span class='ocrx_word' id='word_1_183' title='bbox 1304 3234 1345 3289; x_wconf 84' lang='lat' dir='ltr'><strong>lo·</strong></span> 
     </span>
     <span class='ocr_line' id='line_1_26' title="bbox 341 3312 1344 3388; baseline 0.001 -20"><span class='ocrx_word' id='word_1_184' title='bbox 341 3335 403 3369; x_wconf 90' lang='lat' dir='ltr'><strong>curn</strong></span> <span class='ocrx_word' id='word_1_185' title='bbox 421 3333 471 3384; x_wconf 84' lang='lat' dir='ltr'><strong>ego</strong></span> <span class='ocrx_word' id='word_1_186' title='bbox 489 3312 523 3365; x_wconf 89' lang='lat' dir='ltr'><strong>ad</strong></span> <span class='ocrx_word' id='word_1_187' title='bbox 537 3312 683 3367; x_wconf 84' lang='lat' dir='ltr'><strong>Arrianum</strong></span> <span class='ocrx_word' id='word_1_188' title='bbox 697 3312 792 3383; x_wconf 75' lang='lat' dir='ltr'><strong>exegi,</strong></span> <span class='ocrx_word' id='word_1_189' title='bbox 823 3330 984 3388; x_wconf 87' lang='lat' dir='ltr'><strong>quemqnam</strong></span> <span class='ocrx_word' id='word_1_190' title='bbox 1005 3334 1054 3369; x_wconf 87' lang='lat' dir='ltr'><strong>nec</strong></span> <span class='ocrx_word' id='word_1_191' title='bbox 1072 3318 1206 3373; x_wconf 82' lang='lat' dir='ltr'><strong>Arrianm</strong></span> <span class='ocrx_word' id='word_1_192' title='bbox 1224 3322 1344 3377; x_wconf 69' lang='lat' dir='ltr'><strong>varietate</strong></span> 
     </span>
     <span class='ocr_line' id='line_1_27' title="bbox 340 3401 564 3456; baseline -0.027 -1"><span class='ocrx_word' id='word_1_193' title='bbox 340 3401 464 3456; x_wconf 86' lang='lat' dir='ltr'><strong>lectionis</strong></span> <span class='ocrx_word' id='word_1_194' title='bbox 484 3411 564 3451; x_wconf 81' lang='lat' dir='ltr'><strong>earet.</strong></span> 
     </span>
    </p>

    <p class='ocr_par' dir='ltr' id='par_1_6' title="bbox 335 3480 1342 4070">
     <span class='ocr_line' id='line_1_28' title="bbox 386 3480 1342 3560; baseline 0.008 -25"><span class='ocrx_word' id='word_1_195' title='bbox 386 3480 432 3560; x_wconf 78' lang='lat' dir='ltr'><strong>(a)</strong></span> <span class='ocrx_word' id='word_1_196' title='bbox 457 3484 609 3539; x_wconf 54' lang='lat' dir='ltr'><strong>Dinon-raris</strong></span> <span class='ocrx_word' id='word_1_197' title='bbox 624 3481 762 3534; x_wconf 84' lang='lat' dir='ltr'><strong>architecti</strong></span> <span class='ocrx_word' id='word_1_198' title='bbox 776 3482 956 3536; x_wconf 88' lang='lat' dir='ltr'><strong>meminerunt</strong></span> <span class='ocrx_word' id='word_1_199' title='bbox 970 3483 1129 3540; x_wconf 80' lang='lat' dir='ltr'><strong>Ammianus</strong></span> <span class='ocrx_word' id='word_1_200' title='bbox 1141 3502 1225 3547; x_wconf 78' lang='lat' dir='ltr'><strong>xm.</strong></span> <span class='ocrx_word' id='word_1_201' title='bbox 1237 3500 1281 3547; x_wconf 72' lang='lat'><strong>18.</strong></span> <span class='ocrx_word' id='word_1_202' title='bbox 1298 3490 1342 3547; x_wconf 78' lang='lat' dir='ltr'><strong>vi-</strong></span> 
     </span>
     <span class='ocr_line' id='line_1_29' title="bbox 339 3567 1338 3651; baseline 0.001 -26"><span class='ocrx_word' id='word_1_203' title='bbox 339 3573 442 3624; x_wconf 78' lang='lat' dir='ltr'><strong>truvius</strong></span> <span class='ocrx_word' id='word_1_204' title='bbox 459 3570 545 3641; x_wconf 87' lang='lat' dir='ltr'><strong>praef.</strong></span> <span class='ocrx_word' id='word_1_205' title='bbox 561 3569 609 3631; x_wconf 84' lang='lat' dir='ltr'><strong>lib.</strong></span> <span class='ocrx_word' id='word_1_206' title='bbox 618 3571 654 3622; x_wconf 92' lang='lat'><strong>11.</strong></span> <span class='ocrx_word' id='word_1_207' title='bbox 678 3567 785 3623; x_wconf 87' lang='lat' dir='ltr'><strong>Solinus</strong></span> <span class='ocrx_word' id='word_1_208' title='bbox 801 3583 904 3623; x_wconf 80' lang='lat' dir='ltr'><strong>xxxrt.</strong></span> <span class='ocrx_word' id='word_1_209' title='bbox 925 3571 1048 3624; x_wconf 80' lang='lat' dir='ltr'><strong>Valerius</strong></span> <span class='ocrx_word' id='word_1_210' title='bbox 1064 3576 1176 3629; x_wconf 82' lang='lat' dir='ltr'><strong>Max.1.</strong></span> <span class='ocrx_word' id='word_1_211' title='bbox 1191 3581 1219 3649; x_wconf 63' lang='grc' dir='ltr'><strong>ᾧ.</strong></span> <span class='ocrx_word' id='word_1_212' title='bbox 1238 3578 1338 3651; x_wconf 79' lang='lat' dir='ltr'><strong>aliique.</strong></span> 
     </span>
     <span class='ocr_line' id='line_1_30' title="bbox 339 3652 1337 3727; baseline 0.006 -18"><span class='ocrx_word' id='word_1_213' title='bbox 339 3659 503 3727; x_wconf 83' lang='lat' dir='ltr'><strong>Corrupturn</strong></span> <span class='ocrx_word' id='word_1_214' title='bbox 518 3655 625 3708; x_wconf 88' lang='lat' dir='ltr'><strong>videtur</strong></span> <span class='ocrx_word' id='word_1_215' title='bbox 647 3672 748 3706; x_wconf 88' lang='lat' dir='ltr'><strong>nornen</strong></span> <span class='ocrx_word' id='word_1_216' title='bbox 764 3652 928 3708; x_wconf 75' lang='lat' dir='ltr'><strong>Dinochares</strong></span> <span class='ocrx_word' id='word_1_217' title='bbox 952 3656 1024 3727; x_wconf 88' lang='lat' dir='ltr'><strong>apud</strong></span> <span class='ocrx_word' id='word_1_218' title='bbox 1038 3659 1157 3713; x_wconf 84' lang='lat' dir='ltr'><strong>Plinium</strong></span> <span class='ocrx_word' id='word_1_219' title='bbox 1173 3662 1210 3715; x_wconf 76' lang='lat' dir='ltr'><strong>V·</strong></span> <span class='ocrx_word' id='word_1_220' title='bbox 1227 3677 1294 3719; x_wconf 70' lang='lat' dir='ltr'><strong>sect</strong></span> <span class='ocrx_word' id='word_1_221' title='bbox 1310 3676 1337 3715; x_wconf 78' lang='grc' dir='ltr'><strong>ιι.</strong></span> 
     </span>
     <span class='ocr_line' id='line_1_31' title="bbox 339 3737 1339 3821; baseline 0.009 -29"><span class='ocrx_word' id='word_1_222' title='bbox 339 3753 366 3792; x_wconf 86' lang='lat' dir='ltr'><strong>et</strong></span> <span class='ocrx_word' id='word_1_223' title='bbox 382 3756 494 3794; x_wconf 80' lang='lat' dir='ltr'><strong>xxxrv.</strong></span> <span class='ocrx_word' id='word_1_224' title='bbox 512 3752 577 3794; x_wconf 88' lang='lat' dir='ltr'><strong>sect.</strong></span> <span class='ocrx_word' id='word_1_225' title='bbox 593 3746 634 3795; x_wconf 73' lang='lat' dir='ltr'><strong>tt.</strong></span> <span class='ocrx_word' id='word_1_226' title='bbox 657 3738 809 3793; x_wconf 88' lang='lat' dir='ltr'><strong>Ausonium</strong></span> <span class='ocrx_word' id='word_1_227' title='bbox 824 3737 941 3794; x_wconf 85' lang='lat' dir='ltr'><strong>Mosell.</strong></span> <span class='ocrx_word' id='word_1_228' title='bbox 958 3759 983 3794; x_wconf 92' lang='lat' dir='ltr'><strong>v.</strong></span> <span class='ocrx_word' id='word_1_229' title='bbox 1001 3750 1058 3799; x_wconf 72' lang='lat'><strong>312.</strong></span> <span class='ocrx_word' id='word_1_230' title='bbox 1081 3744 1175 3801; x_wconf 82' lang='lat' dir='ltr'><strong>Codex</strong></span> <span class='ocrx_word' id='word_1_231' title='bbox 1192 3748 1264 3805; x_wconf 83' lang='lat' dir='ltr'><strong>item</strong></span> <span class='ocrx_word' id='word_1_232' title='bbox 1280 3764 1339 3821; x_wconf 67' lang='lat' dir='ltr'><strong>grn-</strong></span> 
     </span>
     <span class='ocr_line' id='line_1_32' title="bbox 338 3824 1337 3907; baseline 0.004 -28"><span class='ocrx_word' id='word_1_233' title='bbox 338 3843 384 3879; x_wconf 88' lang='lat' dir='ltr'><strong>cus</strong></span> <span class='ocrx_word' id='word_1_234' title='bbox 409 3826 492 3878; x_wconf 88' lang='lat' dir='ltr'><strong>ambr.</strong></span> <span class='ocrx_word' id='word_1_235' title='bbox 513 3844 596 3898; x_wconf 80' lang='lat' dir='ltr'><strong>prere</strong></span> <span class='ocrx_word' id='word_1_236' title='bbox 618 3824 698 3876; x_wconf 87' lang='lat' dir='ltr'><strong>habet</strong></span> <span class='ocrx_word' id='word_1_237' title='bbox 719 3824 898 3901; x_wconf 62' lang='grc' dir='ltr'><strong>Ἱπποκράτης.</strong></span> <span class='ocrx_word' id='word_1_238' title='bbox 929 3827 1003 3896; x_wconf 83' lang='lat' dir='ltr'><strong>Quin</strong></span> <span class='ocrx_word' id='word_1_239' title='bbox 1023 3840 1050 3881; x_wconf 83' lang='lat' dir='ltr'><strong>et</strong></span> <span class='ocrx_word' id='word_1_240' title='bbox 1071 3828 1137 3883; x_wconf 84' lang='lat' dir='ltr'><strong>aliae</strong></span> <span class='ocrx_word' id='word_1_241' title='bbox 1155 3832 1337 3907; x_wconf 74' lang='lat' dir='ltr'><strong>corruptiones</strong></span> 
     </span>
     <span class='ocr_line' id='line_1_33' title="bbox 336 3908 1337 3987; baseline 0.015 -26"><span class='ocrx_word' id='word_1_242' title='bbox 336 3910 501 3965; x_wconf 76' lang='lat' dir='ltr'><strong>Dinochares</strong></span> <span class='ocrx_word' id='word_1_243' title='bbox 527 3924 554 3964; x_wconf 87' lang='lat' dir='ltr'><strong>et</strong></span> <span class='ocrx_word' id='word_1_244' title='bbox 579 3908 782 3986; x_wconf 54' lang='lat' dir='ltr'><strong>Xerpepeaqeirm</strong></span> <span class='ocrx_word' id='word_1_245' title='bbox 803 3923 829 3963; x_wconf 76' lang='lat' dir='ltr'><strong>et</strong></span> <span class='ocrx_word' id='word_1_246' title='bbox 853 3911 1020 3987; x_wconf 68' lang='lat' dir='ltr'><strong>Asperaqeirqe</strong></span> <span class='ocrx_word' id='word_1_247' title='bbox 1044 3915 1169 3981; x_wconf 59' lang='lat' dir='ltr'><strong>emendat</strong></span> <span class='ocrx_word' id='word_1_248' title='bbox 1197 3918 1337 3975; x_wconf 69' lang='lat' dir='ltr'><strong>Selmttlvl</strong></span> 
     </span>
     <span class='ocr_line' id='line_1_34' title="bbox 335 3994 731 4070; baseline -0.005 -20"><span class='ocrx_word' id='word_1_249' title='bbox 335 4014 426 4053; x_wconf 77' lang='lat' dir='ltr'><strong>exerc.</strong></span> <span class='ocrx_word' id='word_1_250' title='bbox 443 3995 512 4069; x_wconf 81' lang='lat' dir='ltr'><strong>plin.</strong></span> <span class='ocrx_word' id='word_1_251' title='bbox 527 4015 556 4070; x_wconf 84' lang='lat' dir='ltr'><strong>p·</strong></span> <span class='ocrx_word' id='word_1_252' title='bbox 573 4004 629 4051; x_wconf 73' lang='lat' dir='ltr'><strong>est.</strong></span> <span class='ocrx_word' id='word_1_253' title='bbox 651 3994 678 4049; x_wconf 83' lang='lat' dir='ltr'><strong>b·</strong></span> <span class='ocrx_word' id='word_1_254' title='bbox 696 3998 731 4052; x_wconf 84' lang='lat' dir='ltr'><strong>G.</strong></span> 
     </span>
    </p>
   </div>
   <div class='ocr_carea' id='block_1_5' title="bbox 0 0 1392 4934">
    <p class='ocr_par' dir='ltr' id='par_1_7' title="bbox 0 0 1392 4934">
     <span class='ocr_line' id='line_1_35' title="bbox 0 0 1392 4934; baseline 0 7"><span class='ocrx_word' id='word_1_255' title='bbox 0 0 1392 4934; x_wconf 95' lang='lat' dir='ltr'><strong> </strong></span> 
     </span>
    </p>
   </div>
  </div>
 </body>
</html>
