2776 4934
461 438 661 499 emano
1026 440 1067 501 9⁵

114 602 175 669 lv.
189 603 310 692 Magna
325 620 405 664 vero
417 620 491 688 pars
510 600 642 665 alterius
656 601 733 665 libri
749 608 909 669 senatorio
925 619 960 666 et
974 608 1064 695 gravi
1123 645 1142 705 3
1143 668 1208 705 em
1211 654 1239 706 di

50 692 233 792 orationum
247 707 366 779 genere
379 691 576 751 continetur.
599 686 682 749 Nam
702 704 802 773 quum
811 691 989 755 Alexander
1000 714 1066 754 ma·
1075 732 1141 787 libri
1165 756 1240 793 ,um-

47 790 220 924 {psnatum
249 768 416 857 quemdem
436 774 574 837 Plataeis
601 775 778 852 violasset,
814 778 914 863 idque
935 800 1064 865 gravius
1076 821 1202 879 mrim

77 863 265 923 thenienses
286 856 455 936 tulissent,
491 880 637 948 magnum
661 859 738 921 inde
759 861 989 925 discordiarum
1013 866 1080 927 in·,

46 947 198 1017 cendium
213 942 353 1003 exarsitr
428 966 448 1005 ο
464 943 582 1007 fectum
596 960 648 1005 est
661 959 699 1005 ut
718 959 752 1005 et
766 947 947 1009 Alexander
984 949 1065 1010 luri·

44 1033 109 1096 ¹bus
124 1028 377 1092 litteriscumA
417 1029 604 1090 eniensibus
624 1053 665 1092 ex
690 1031 890 1113 ostadarerit,
913 1048 947 1093 et
962 971 996 1094 bi
1012 1056 1065 1096 ce·

44 1118 171 1180 lebrata
189 1134 246 1200 per
265 1110 378 1175 urbem
400 1116 555 1177 concione
573 1114 613 1176 de
633 1053 720 1178 bello
743 1118 779 1177 in
796 1117 991 1181 Macedones
1009 1119 1066 1181 de-

48 1198 210 1277 cernendo,
225 1194 488 1261 deliberaverint.
542 1201 591 1263 Ac
604 1200 759 1263 Demadis
784 1203 913 1286 quidem
938 1205 985 1265 lin
1007 1227 1064 1281 ua,

50 1288 145 1372 quasi
168 1282 328 1346 flabellum
349 1284 545 1363 seditionis,
573 1286 638 1349 itas
657 1310 847 1377 magnopere
867 1289 967 1349 ventil
1010 1304 1062 1367 at;

48 1392 159 1439 verum
173 1368 350 1431 Aeschines
365 1384 463 1456 atrpre
479 1372 718 1435 Demosthenes
737 1396 805 1435 rem
821 1375 867 1455 ita
879 1394 1066 1457 composue-

46 1471 146 1533 runt,
166 1469 205 1516 ut
216 1452 419 1533 Alexander,
449 1478 526 1542 pace
539 1458 677 1519 Athenis
695 1459 884 1545 impertita,
908 1458 1067 1519 calamita·

46 1552 111 1605 te'm
130 1539 212 1602 belli
227 1539 465 1601 Lacedaemona
483 1547 770 1629 transportarent:
802 1545 892 1605 cuius
908 1541 999 1603 urbis
1019 1540 1067 1603 fa-

46 1644 103 1689 stu
124 1644 328 1709 compresso,
349 1624 488 1686 Darium
510 1626 577 1687 sibi
594 1625 735 1712 denique
751 1629 838 1690 bello
864 1628 1066 1689 internecivo

49 1706 326 1773 exterminandum
348 1713 532 1795 proposuit.
567 1712 650 1771 Tum
669 1712 773 1773 Iulius
790 1714 938 1777 Valerius
954 1713 1067 1773 Persa·
1116 1711 1120 1725 '

45 1821 119 1859 rum
132 1794 229 1855 nobis
249 1793 369 1855 curiam
391 1809 531 1870 reserat,
556 1797 589 1855 in
614 1818 677 1880 qua
695 1797 814 1858 Darius
830 1796 870 1856 de
896 1819 930 1859 re
948 1816 1070 1858 summa

48 1882 207 1964 sollicitus
221 1892 415 1962 satraparum
434 1893 525 1968 rogat
540 1884 736 1958 sententias,
767 1880 941 1966 fratrisque
957 1883 1067 1960 Oxya-

46 1968 115 2029 thri
133 1965 279 2029 orations
291 1963 341 2025 -ad
359 1963 479 2025 bellurn
499 1967 581 2027 totis
602 1965 730 2026 viribus
751 1964 971 2028 debellandum
996 1987 1067 2026 cor·

45 2051 230 2115 roboratur.
261 2048 396 2121 Interim
412 2049 593 2113 Alexander
610 2047 728 2111 Cilicii
745 2052 900 2137 occupati
918 2049 1065 2117 morbum

45 2139 97 2199 ibi
112 2135 249 2199 iuvenili
272 2124 464 2197 confidentia
485 2149 681 2196 contractum
706 2157 797 2224 aegre
817 2139 970 2200 sustinet.
1010 2134 1062 2197 Ab

45 2225 109 2287 hoo
120 2235 228 2283 sutem
240 2219 311 2281 loco
327 2219 367 2280 ad
387 2220 522 2280 Darium
546 2241 695 2306 supremo
713 2223 840 2307 proelio
857 2222 1063 2313 profligatum

43 2304 159 2371 lacund
179 2305 280 2368 codex
301 2305 436 2367 laborat.
486 2305 650 2391 Deinceps
686 2309 835 2368 oratoriis
864 2307 1060 2370 ornamentis

46 2392 152 2455 denuo
171 2391 319 2455 Valerius
337 2390 518 2478 indulgens,
542 2391 667 2452 litteras
683 2391 722 2451 ad
737 2393 854 2455 Porum
867 2395 973 2470 Darii,
999 2392 1062 2451 hu·

43 2481 98 2540 ius
119 2476 289 2540 morientis
317 2497 387 2536 cunr
405 2470 590 2536 Alexandro
609 2476 689 2537 collo
716 2478 825 2552 uium,
848 2476 968 2563 duplex
983 2477 1066 2536 Ale··
1141 2521 1145 2525 -

42 2562 160 2626 xandri
182 2559 221 2622 sd
237 2561 349 2620 Persas
365 2557 522 2634 edictum,
550 2560 673 2623 litteras
690 2499 827 2644 denique
845 2577 970 2627 mutuas
983 2561 1059 2621 Ale·

42 2646 161 2711 atandri
189 2644 464 2733 Rogodunisque,
503 2666 585 2727 quae
610 2645 705 2705 Darii
734 2662 834 2707 mater
862 2645 946 2723 fuit,
983 2667 1060 2706 con·

44 2722 142 2795 suetti'
158 2732 227 2791 stili
254 2729 408 2792 facilitate
430 2730 607 2816 confingit,
640 2744 673 2788 et
704 2729 799 2790 Darii
829 2731 927 2792 filiam
949 2730 1058 2792 Roxa-

42 2840 120 2901 pem
135 2813 318 2877 Alexandro
342 2813 474 2876 collocat
499 2815 533 2874 in
552 2813 773 2891 matrimonio,
797 2817 854 2901 qui
878 2831 928 2876 est
950 2817 1057 2876 exitus

40 2901 175 2966 secundi
197 2901 287 2962 libri.

121 2990 163 3052 V.
181 2987 237 3048 ‘At
261 2983 338 3048 uero
364 2986 481 3045 tertius
504 2998 728 3069 extremusque
754 2982 837 3046 liber
861 3007 913 3046 res
935 2983 1057 3047 indicas
1145 2982 1231 3038 Tarii?

41 3071 218 3139 Alexandri
238 3071 331 3132 multi
348 3073 474 3158 generis
497 3071 614 3132 multae
640 3093 678 3132 ue
696 3071 899 3155 eloquentiae
919 3071 1057 3155 comple·
1068 3065 1132 3119 libri
1157 3087 1229 3123 sum-

41 3164 154 3224 ctitur.
184 3160 265 3220 Ecce
281 3158 366 3216 enim
378 3158 485 3217 statim
501 3095 679 3217 Alexander
695 3177 769 3217 suos
786 3156 825 3217 ad
840 3155 918 3217 belli
933 3160 1057 3243 patien-
1068 3153 1192 3207 muium·

43 3249 122 3308 tiam
144 3246 292 3308 oratione
322 3244 519 3304 cohortatur.
560 3245 645 3304 Mox
673 3242 749 3304 Pori
769 3245 905 3303 minaces
928 3243 1058 3303 litterae

44 3354 114 3392 cunr
141 3326 314 3392 Alexandri
336 3328 492 3413 rescripto
521 3332 708 3391 recitantur.
759 3327 842 3388 Turn
866 3327 1056 3415 gravissimo

48 3417 171 3500 proelio
191 3429 359 3491 coraserto,
395 3414 495 3474 Porus
519 3416 615 3475 etiarn
647 3415 799 3502 singulari
821 3415 992 3473 certamine
1017 3413 1056 3473 ab

47 3502 224 3563 Alexandro
243 3501 432 3562 ontificitur:
457 3521 521 3584 quo
545 3520 618 3561 casu
636 3500 794 3584 simulque
814 3497 965 3582 prudenti
982 3498 1056 3559 Ale·

48 3586 162 3648 xandri
180 3588 331 3649 concione
358 3587 436 3647 moti
451 3585 525 3646 Indi
544 3606 651 3670 pacem
671 3583 805 3653 iaciunt.
838 3583 925 3644 Hinc
940 3582 1055 3645 Brach-

47 3694 156 3733 manas
175 3672 241 3733 adit
266 3670 468 3747 Alexander,
498 3674 662 3755 mirasque
687 3669 913 3755 philosophiae
940 3689 1053 3729 sensus

45 3780 114 3819 non
139 3757 239 3818 solum
268 3756 307 3817 ab
334 3759 376 3816 iis
400 3755 491 3817 audit
514 3778 624 3818 verum
649 3757 718 3839 ipse
766 3776 872 3839 uoque
896 3753 1052 3840 disputat.

43 3845 133 3907 Exin
151 3841 253 3902 Iulius
270 3843 417 3907 Valerius
431 3842 597 3927 epistolam
613 3863 678 3902 non
694 3779 883 3902 mediocrem
900 3839 937 3901 ad
953 3843 1053 3901 instar

42 3928 219 3996 voluminis
243 3926 401 4002 elaborat,
423 3949 485 4012 qua
510 3927 548 3988 ‹le
573 3927 745 3989 itineribus
769 3929 838 3986 suis
879 3947 911 3986 er
929 3924 1053 3985 Indiam

42 4033 76 4079 et
88 4013 252 4076 Persidem
263 4011 443 4075 Alexander
456 4011 669 4079 Aristotelem
677 4014 848 4075 caticum
875 4011 879 4022 '
913 4012 951 4074 ‘t.
975 4009 1053 4072 Post
