2776 4934
349 431 433 471 xviri
764 412 944 474 amoma

202 611 339 675 ,merarii
413 574 472 639 VI.
498 577 601 636 Unius
624 575 727 639 adhuc
750 577 830 638 mihi
855 579 969 662 capitis
995 578 1151 662 reliquam
1168 577 1231 642 ieci
1257 584 1372 645 vesti·

173 711 278 765 Auctor
286 701 338 752 ha·
349 664 529 750 gatiouem,
552 664 696 744 quisnam
714 664 758 722 sit
776 662 930 725 videlicet
949 665 1045 725 huius
1063 664 1229 726 itinerarii
1248 683 1363 731 auctor

99 802 104 817 ,
189 807 264 846 tuus
290 785 336 839 in·
348 769 444 831 quem
468 747 619 807 hactenus
637 749 841 828 Anonymum
860 750 1054 834 nuncupavi.
1099 751 1238 812 Primum
1257 752 1363 839 igitur

173 813 215 850 ⁰⁸
346 831 466 894 indicia
486 832 638 916 quaedam
663 855 836 919 exponam,
859 834 978 919 quibus
997 837 1025 895 si
1045 835 1144 911 fidas,
1165 836 1244 897 Iulii
1263 839 1362 913 Vale-

345 919 388 977 rii
400 929 488 1003 'opus
505 919 690 980 existimes:
712 934 781 979 tum
796 917 902 980 eadem
919 920 1090 998 refutabo,
1112 922 1272 1006 telamque
1290 945 1361 985 om·

344 1026 417 1065 nem
434 1007 478 1063 ita
491 1018 634 1063 retexam
651 1019 689 1064 ut
701 1004 794 1089 plane
810 1008 1060 1069 controversiam
1080 1009 1114 1067 in
1133 1007 1239 1071 medr'o
1257 1008 1360 1070 relin-

345 1112 449 1175 quam.
483 1088 521 1147 ln
538 1084 648 1150 codice
665 1088 796 1173 quidem
816 1090 1017 1153 ambrosiano
1032 1109 1107 1176 post
1125 1093 1259 1152 tertium
1275 1093 1358 1155 Iulii

311 1176 316 1187 ’
344 1174 465 1238 Valerii
492 1173 628 1251 librum,
649 1175 740 1237 nullo
755 1174 860 1236 limite
883 1178 1030 1262 spatiove
1055 1179 1273 1262 interposito,
1296 1178 1359 1238 im·

343 1280 395 1320 mo
409 1258 519 1320 eidem
536 1258 707 1344 mediique
724 1262 760 1321 in
773 1261 891 1349 pagina
909 1283 1040 1346 unoque
1055 1284 1151 1325 versu
1167 1262 1358 1326 scribuntur

342 1345 436 1407 haec:
465 1364 610 1408 aurarem
640 1370 748 1409 oarrvs
780 1369 965 1410 aarxsumu
995 1371 1111 1411 sucrum
1140 1370 1357 1415 saturanum

340 1434 484 1494 arvinam
529 1433 611 1491 Tum
634 1431 740 1515 ipsum
765 1434 972 1518 consequitur
988 1431 1207 1495 Itinerarium.
1249 1433 1356 1518 Quem

340 1515 443 1578 locmn
457 1515 580 1578 videsis
605 1516 640 1575 in
656 1517 832 1602 specimine
857 1518 975 1580 codicis
998 1518 1086 1604 quod
1110 1541 1182 1579 aere
1208 1518 1356 1580 inciden-

341 1601 416 1662 dum
432 1604 552 1664 curavi.
587 1600 633 1662 Ea
646 1601 744 1664 facies
760 1603 879 1666 codicis
903 1620 936 1664 et
948 1620 996 1666 'ea
1014 1603 1114 1667 verba
1134 1604 1282 1690 quemvis
1307 1602 1355 1666 fa·

339 1688 399 1749 cile
414 1688 449 1748 in
467 1710 534 1748 eam
552 1689 741 1774 opinionem
756 1692 962 1776 pertrahant,
983 1706 1021 1751 ut
1038 1706 1212 1775 utrumque
1234 1710 1316 1774 opus
1336 1710 1356 1761 a

339 1773 424 1833 lulio
442 1775 570 1835 'Valerio
595 1796 629 1831 se
653 1774 770 1832 habere
805 1775 992 1835 arbitretur.
1030 1777 1195 1834 Praeterea
1217 1771 1353 1836 Carolus

339 1855 478 1940 cangius
500 1853 534 1911 in
550 1856 705 1941 glossario
728 1854 852 1915 mediae
881 1871 914 1912 et
932 1856 1058 1915 infimae
1076 1855 1258 1941 graecitatis
1278 1878 1353 1921 voc.

338 1956 464 2020 aarum
479 1936 549 1997 loco
567 1935 702 2022 quodam
716 1933 935 2012 Callisthenis,
955 1951 992 1996 ut
1010 1940 1081 2021 ipse
1099 1939 1158 2013 ait,
1178 1937 1353 2023 producto,

337 2028 412 2088 haec
435 2019 542 2082 addit:
580 2032 731 2106 Aesopus
764 2027 906 2089 eiusdem
932 2026 1148 2090 Callisthenis
1175 2032 1355 2111 interpres,

255 2190 261 2195 .
332 2120 395 2203 'qur‘
419 2126 454 2175 ec
482 2113 661 2175 versionem
695 2132 787 2173 suam
814 2110 1012 2175 Constantio
1041 2112 1258 2195 Cormtqntiui
1285 2120 1351 2180 ’Μ’

329 2204 410 2294 filio
432 2200 577 2268 dicavit,
606 2199 775 2260 tamarisci
797 2198 930 2278 virgam
952 2196 1070 2263 vertit.
1113 2193 1259 2257 Iamvero
1281 2198 1349 2260 nisi

339 2299 372 2345 et
387 2281 490 2341 Iulius
509 2279 655 2343 Valerius
674 2299 756 2362 opus
772 2299 865 2338 suum
886 2274 1076 2340 Constantio
1096 2279 1217 2345 dicavit
1237 2287 1251 2365 (
1284 2282 1350 2345 uod

338 2388 428 2431 secus
453 2365 625 2448 videtur),
660 2364 808 2447 sequitur
830 2377 869 2423 ut
892 2361 1031 2452 Congius
1054 2364 1196 2427 codicem
1226 2303 1348 2430 viderit

337 2453 538 2517 ambrosiano
558 2450 706 2525 similem,
728 2450 763 2508 in
780 2470 845 2532 quo
862 2449 1070 2510 Itinerarium
1088 2450 1278 2513 Constantio
1295 2451 1347 2513 di·

336 2554 438 2602 catum
467 2533 721 2624 coniungebatur
748 2556 818 2596 cum
843 2535 975 2620 Aesopo
1000 2556 1058 2595 seu
1079 2537 1165 2599 Iulio
1194 2536 1344 2613 Valeri03

335 2623 484 2707 idemque
514 2622 767 2696 existimaverit,
791 2637 965 2706 utrumque
1000 2643 1019 2682 o
1045 2645 1081 2681 us
1113 2622 1152 2684 ad
1180 2621 1347 2706 Aesopum

334 2707 477 2853 pentius
495 2704 534 2767 ad
545 2704 670 2775 lulium
678 2708 868 2853 Valerium}
889 2729 960 2768 esse
977 2644 1192 2769 relisrendum.
1231 2707 1340 2790 Quare

358 2790 504 2880 eCangii
523 2793 654 2878 quidem
673 2796 835 2854 sententia
867 2794 1015 2856 tinerarii
1033 2816 1146 2878 parens
1172 2789 1341 2855 videretur

334 2877 419 2940 idem
446 2880 503 2962 qui
534 2880 642 2964 operis
670 2879 705 2939 iu
734 2876 844 2940 codice
875 2878 1112 2961 praecedentis,
1143 2898 1277 3017 nempe,
1307 2891 1346 2937 ut

285 3018 288 3025 .
332 2986 392 3024 nos
416 2964 602 3040 scribimus,
631 2963 734 3025 Iulius
753 2962 912 3026 Valerius.
956 2961 1111 3044 Denique
1133 2976 1167 3019 et
1190 2958 1346 3023 Caudius

150 3090 158 3117 0
333 3047 517 3112 chiffletius
544 3050 579 3107 iu
594 3049 662 3108 vita
679 3047 838 3108 Ammiani
854 3042 1038 3106 Marcellini
1061 3046 1126 3119 ait,
1166 3042 1241 3103 huic
1265 3062 1346 3122 ayn.
1382 3098 1385 3105 ,

331 3137 484 3199 chronum
504 3133 606 3195 fuisse
624 3131 742 3191 Iulium
759 3130 934 3193 Valerium.
975 3127 1068 3189 Unde
1090 3127 1124 3189 id
1145 3147 1244 3213 porro
1266 3147 1346 3215 cog·

356 3222 426 3284 ovit
443 3202 651 3279 chiffletius?
687 3215 767 3277 Non
790 3213 918 3277 aliunde
943 3227 1056 3298 putem
1080 3235 1174 3298 quam
1194 3235 1236 3273 ex
1255 3211 1342 3276 lecto

332 3305 441 3368 codice
465 3303 542 3365 Iulii
560 3301 682 3366 Valerii
707 3323 777 3363 cum
801 3299 910 3360 addito
938 3299 1107 3361 itinerario
1137 3305 1151 3383 (
1159 3296 1342 3361 cuiusmodi

321 3390 473 3487 podicem
489 3388 586 3450 habet
610 3387 809 3448 bibliotheca
828 3384 1050 3470 ambrosiana)
1073 3407 1113 3445 ex
1132 3386 1222 3447 cuius
1237 3382 1341 3444 Itine-

330 3477 409 3536 rarii
438 3474 548 3558 (quod
564 3475 641 3533 item
658 3472 736 3533 Iulii
758 3471 878 3536 Valerii
897 3470 1075 3557 iudicavit)
1101 3471 1267 3556 prooemio
1286 3489 1343 3530 ae·

329 3574 429 3622 tatem
442 3560 521 3621 Iulii
538 3559 660 3623 Valerii
685 3558 860 3647 collegerit.
899 3555 1062 3618 Sedenim
1085 3558 1172 3619 hisce
1193 3556 1262 3617 sive
1289 3555 1343 3614 in·

264 3648 267 3653 ’
332 3645 426 3706 diciis
446 3648 515 3708 iive
536 3646 730 3732 argumentis
751 3663 809 3732 ego
832 3643 995 3703 enimvero
1012 3643 1176 3704 levissime
1194 3660 1340 3704 moveor.

329 3731 374 3795 Et
388 3730 477 3815 quod
496 3729 624 3815 quidem
643 3729 681 3790 ad
697 3728 836 3790 codicem
853 3727 1087 3789 ambrosianum
1100 3727 1234 3803 adtinet,
1259 3747 1345 3810 quo·

328 3817 414 3877 niam
432 3819 467 3877 in
490 3817 591 3877 altero
611 3836 708 3898 opere
728 3812 767 3874 ad
783 3815 939 3897 cuiusque
958 3811 1035 3874 libri
1056 3828 1151 3898 caput
1173 3827 1207 3872 et
1226 3810 1344 3872 calcem
1366 3862 1372 3883 ,

326 3923 446 3964 nomen
463 3901 542 3962 Iulii
563 3900 685 3964 Valerii
703 3914 844 3961 accurate
860 3897 1092 3983 perscribitur,
1113 3902 1149 3960 in
1166 3897 1340 3958 Itinerario

318 3999 393 4052 'non
424 3990 524 4071 item,
565 3984 685 4049 idcirco
713 3984 900 4052 vehementi
925 3981 1130 4047 dubitatione
1154 3981 1342 4063 deterreor,

172 891 269 936 will!-
