2776 4934
204 437 261 491 tta
489 378 918 490 nassamones

90 620 93 625 ·
199 599 373 697 lapsoque
396 598 553 671 Nicolao
577 614 830 693 supervectus,
868 594 1062 669 rembelli
1075 596 1118 649 (¹)
1145 595 1212 669 sub

199 723 317 797 stadio
342 725 527 823 transegit.
576 722 671 795 Exin
685 720 726 775 θ’)
754 722 875 795 victor
898 747 1034 795 corona
1059 722 1212 795 redimi·

200 868 257 920 tus
280 872 427 922 escenso
453 848 595 942 templo
619 872 706 931 cum
730 854 859 923 Iovem
881 847 1094 945 olympium
1119 850 1213 923 salu·

200 990 310 1057 taret,
342 972 596 1045 aestimatione
618 973 672 1044 rei
698 991 819 1075 gestae
842 974 1108 1047 autinstinctu
1130 976 1212 1061 Dei.

201 1097 427 1169 sacerdotem
453 1096 577 1169 ferunt
607 1098 660 1169 sic
683 1098 874 1173 fortunam
897 1095 1079 1185 victoriae
1101 1098 1214 1173 inter·

201 1242 404 1320 pretatum,
433 1241 475 1294 ut
506 1222 608 1318 quod
638 1224 760 1320 primo
793 1223 992 1299 certamine
1014 1223 1214 1304 Nicolm

201 1351 367 1432 vicisset,
408 1364 503 1421 esset
535 1346 607 1421 sibi
631 1350 879 1434 coniecturae,
917 1346 1096 1445 perfacile
1118 1350 1213 1442 affl·

200 1496 260 1549 tos
284 1500 371 1549 eum
394 1474 551 1572 populos
571 1474 866 1560 vinciturumst),
891 1472 1212 1571 universitatisque

40 1690 43 1695 Ι
201 1602 371 1676 dominio
395 1600 616 1697 potiturum.
719 1666 722 1673 ,

68 1760 192 1834 plffipp3
275 1734 336 1800 Ν.
367 1729 480 1801 Hisce
511 1753 596 1827 ergo
630 1724 756 1800 omine
789 1741 897 1820 atque
926 1722 1072 1795 laetitia
1085 1750 1212 1815 ‘ovans

25 1865 111 1945 ”⁰7³⁰
138 1865 192 1902 ¹¹¹¹·
202 1855 377 1950 repatriat
408 1852 678 1924 Macedoniam.
728 1845 798 1919 Sed
829 1844 991 1919 offendit
1018 1846 1138 1935 forte,
1171 1876 1210 1925 ex

25 1945 108 2003 puae.
202 1976 353 2052 licentia
377 1974 474 2073 regia
499 1989 621 2066 spreto
648 1969 820 2067 coniugio
847 1973 1101 2070 Olympiadis,
1133 1978 1209 2051 Phi·

200 2104 348 2197 lippum
373 2117 462 2169 tunc
486 2096 526 2165 in
553 2096 765 2188 Cleopatrae
790 2098 937 2191 nuptias
961 2098 1048 2173 dem
1187 2181 1192 2190 ,

201 2220 440 2295 alicuiusdam
470 2243 547 2289 non
580 2216 755 2318 ignobilis
786 2216 886 2293 filiae
901 2222 952 2301 (ὅ).
1002 2116 1210 2331 Dm

198 2346 415 2440 nuptiarum
449 2342 591 2416 irruens
631 2348 726 2445 regis
757 2344 965 2418 triclinium
996 2374 1207 2442 coronattu,

199 2478 325 2555 Sume,
365 2469 489 2566 inquit
515 2473 614 2542 huno
646 2470 829 2567 primum,
868 2496 890 2545 o
923 2490 1047 2569 pater,
1077 2464 1208 2557 laboris

199 2595 274 2667 mei
297 2593 483 2666 finctum:
525 2614 563 2668 et
593 2596 665 2666 unzi
681 2590 718 2647 (ὗ)
743 2621 919 2670 coronam
952 2602 993 2671 iu
1017 2581 1140 2699 petiis
1162 2632 1210 2681 ca·

197 2738 266 2817 put
296 2722 495 2801 transtulit.
546 2726 651 2793 Tunc
691 2720 839 2812 adiecit,
879 2724 1029 2802 Gaudeo
1063 2728 1210 2829 quidem

225 3000 265 3053 (a)
284 3002 321 3047 tta
337 3001 366 3046 io
382 3002 436 3048 hoe
452 3012 532 3060 opere
548 3012 623 3061 saepe
638 3013 720 3055 enan.
743 3009 771 3046 at
788 3001 819 3049 tn
834 3002 971 3053 ttinsrnto
985 3010 1067 3059 ιπίηι.
1101 3012 1143 3071 (b)
1156 3014 1212 3065 uod

199 3088 289 3122 msam.

196 3198 1213 3233 Μ

243 3300 291 3381 (1)
316 3303 424 3359 Bellum
444 3305 516 3377 apud
539 3308 569 3358 Ἰ·
587 3309 730 3364 Valerium
751 3330 801 3365 neo
824 3330 881 3365 non
900 3314 972 3385 apud
990 3316 1149 3383 Auctorem
1169 3328 1211 3383 Iti·

198 3390 299 3446 netarii
315 3390 415 3443 dicitur
432 3391 547 3463 quodvis
561 3406 706 3448 certamen.
753 3416 756 3421 ·

247 3468 295 3549 (2)
318 3480 360 3529 Ita
388 3477 448 3529 cod.
474 3479 641 3533 vitreitatem.
687 3480 854 3536 Vinciturnm
875 3484 957 3538 habet
978 3486 1047 3543 item
1068 3494 1211 3555 Petroniut

197 3554 302 3632 fragor.
323 3560 440 3634 Tragur.
459 3581 516 3635 cap.
530 3580 602 3619 κων.
624 3566 778 3620 astantem
794 3567 969 3639 cogitandum
988 3573 1023 3631 ds
1042 3584 1210 3657 etymologis

200 3646 272 3698 vocis
293 3646 442 3713 Nicolaum,
462 3666 560 3721 nempe
581 3654 668 3705 victor
687 3651 792 3726 populi.

243 3728 289 3799 (ὅ)
312 3732 477 3802 Cleopatrae,
496 3736 653 3789 notissimus
675 3752 717 3791 est
738 3740 867 3809 patruelis
886 3740 1011 3809 Attalus,
1043 3748 1089 3803 vir
1108 3752 1210 3811 heffld,

201 3814 295 3865 studiis
310 3816 416 3883 clarus,
435 3832 497 3889 post
513 3820 633 3891 Philippi
654 3841 748 3875 necem
765 3823 840 3876 iuml
852 3826 1000 3880 Alexandri
1019 3822 1208 3905 oppressoris

202 3898 267 3952 Asia
289 3899 323 3951 ob
344 3905 558 3971 praecavendam
580 3906 713 3959 exercitus
738 3910 904 3965 macedonici
924 3913 1100 3979 seditionem.
1138 3926 1207 3983 Vide

201 3984 353 4039 Diodorum
373 3987 489 4041 siculum
502 4004 569 4045 xvt.
591 3996 634 4043 9³.
656 4006 736 4046 xvrr.
754 3999 779 4047 t.
