2776 4934
224 405 284 459 ιιι
509 388 778 457 numm
796 391 936 455 ott’rvs

220 568 367 653 ,riores
391 565 597 663 periculum
612 562 732 641 vadat.
760 538 911 647 'contin
935 575 1060 633 autem
1085 545 1233 631 sirecti

221 720 309 790 ,per
324 719 389 765 vos
405 711 493 766 voto
510 692 696 792 fruantur,
721 710 788 763 ros
807 708 956 787 quoque
972 676 1113 785 gloriae
1127 694 1234 779 parte

104 864 109 881 ι
220 819 390 913 ,potiore
420 816 687 890 celebiunaini.t
735 812 804 887 His
836 806 948 907 dictis
974 834 1038 925 eor
1061 802 1235 905 quoque,

220 968 313 1039 quos
344 945 486 1016 senium
521 944 597 1035 lam
621 940 903 1057 obsederat,in
927 930 1152 1077 sententiani
1174 954 1235 1003 eu·

171 1057 174 1063 *
219 1093 282 1140 am
305 1067 407 1149 vicit
830 1122 850 1128 .1
1032 1126 1035 1131 ,

87 1206 209 1262 Alexan-
294 1200 371 1279 XV
398 1194 674 1268 connumeratis
704 1193 819 1295 igitur
843 1207 881 1264 et
905 1189 1023 1263 veteri
1044 1140 1181 1273 milite
1196 1197 1237 1254 et

45 1291 128 1428 ἐξ
105 1293 209 1449 ἵζ’
212 1346 312 1416 ..quos
336 1324 415 1417 ipse
447 1346 572 1393 recens
596 1321 804 1414 scripserat,
841 1330 1037 1417 congregat
1058 1284 1236 1385 Macedo·

39 1431 132 1518 ¹cunia
218 1473 283 1519 nas
311 1448 472 1543 quinque
496 1461 532 1516 et
555 1444 683 1519 decem
705 1445 811 1515 milia
821 1442 991 1545 pedites,
1015 1438 1155 1513 auxilia
1181 1434 1236 1506 di·

217 1595 320 1644 versa
352 1573 392 1654 in
423 1589 509 1662 octo
542 1571 713 1655 milibus,
750 1570 891 1667 equites
922 1592 1010 1642 tero
1041 1560 1235 1663 indigenas

217 1696 469 1797 sepiingentos
494 1714 532 1768 et
565 1684 639 1769 duo
653 1696 788 1782 ''urilia,
828 1695 918 1767 levis
943 1694 1236 1793 quoquejanua·

100 1844 103 1849 '
216 1843 323 1915 turae
353 1826 512 1897 Thracas
541 1847 698 1896 numero
731 1820 972 1921 octingentos.
1022 1814 1131 1889 Unde
1154 1814 1236 1925 altos

216 1952 370 2019 numero
394 1972 481 2016 cum
495 1964 670 2018 veterano
684 1946 807 2017 milite
824 1954 1044 2045 congregato
1063 1966 1233 2016 ·ncu1111·

215 2070 264 2143 ad
282 2096 375 2143 utor·
402 2072 506 2143 milia
532 2071 778 2144 militantium
799 2089 904 2143 erant
919 2069 971 2140 (Ι).
1021 2052 1130 2143 Turro
1150 2065 1233 2139 vine

215 2189 405 2289 sumptum
429 2193 633 2290 aPhilippi
653 2195 832 2265 thesauris
849 2196 1059 2290 collatoque
1084 2192 1233 2266 studen-

213 2316 312 2391 tium
336 2317 442 2389 rebus
466 2318 539 2388 suis
556 2320 636 2389 auri
654 2318 793 2390 talenta
813 2347 882 2391 ux·
907 2342 993 2392 cum
1011 2345 1128 2393 cccc·
1146 2344 1229 2417 qua·

55 2462 370 2549 ffipfflffionaorque
396 2460 434 2514 et
458 2442 583 2515 decern
609 2441 760 2516 milibus
785 2446 953 2545 cogit
902 2444 942 2496 (ὓ
1002 2445 1117 2519 classi
1144 2470 1228 2548 ergo

39 2582 68 2613 ¹¹¹
112 2564 202 2615 Thra.
215 2569 442 2642 elaborata
430 2594 470 2639 ιιι
496 2566 728 2641 Macedonia
744 2588 823 2645 tam
857 2572 978 2672 longis
1004 2593 1132 2668 quam
1141 2595 1228 2645 one·

38 2665 118 2702 eram
212 2696 317 2767 rariis
352 2693 522 2778 navibus,
556 2696 688 2768 transit
717 2696 758 2767 in
790 2697 1003 2781 Thraciam,
1039 2692 1229 2793 quaesibi

107 2797 109 2801 Ι
211 2824 324 2918 patris
341 2814 508 2916 Philippi
532 2822 668 2894 virtute
685 2825 851 2918 ‚quaesita
870 2820 1133 2924 hereditarium
1156 2838 1228 2893 stu·

211 2947 316 3019 dium
343 2947 491 3020 deberet
516 2965 625 3041 atque
650 2946 818 3019 deferret.
1020 2941 1022 2946 ⁷

87 3168 91 3179 .
169 3184 173 3191 ¹
210 3098 222 3107 „
256 3111 302 3192 (1)
324 3116 420 3172 Mirari
442 3116 514 3168 subit
542 3115 614 3186 quod
640 3112 815 3170 ·1·valertus
838 3132 894 3172 tam
916 3121 1061 3193 diligenter
1082 3138 1224 3174 numerum

209 3202 285 3255 ineat
304 3199 426 3254 militum
442 3199 609 3263 Alexandri,
631 3220 729 3272 nempe
747 3204 920 3276 septuaginta
939 3206 1017 3259 mille
1036 3218 1225 3260 sexcentorum

210 3287 405 3360 quinquaginta
424 3296 550 3355 quatuor.
580 3286 694 3356 Atqui
682 3287 727 3341 hic
748 3308 877 3343 numerus
893 3292 976 3365 duplo
994 3292 1052 3344 fere
1077 3292 1170 3347 maior
1187 3302 1226 3345 ert

209 3390 291 3446 quam
312 3370 385 3442 apud
400 3371 466 3422 alios
484 3369 634 3427 veraciores
649 3372 835 3442 scriptores.

253 3451 300 3530 (2)
323 3459 428 3525 Nempe
441 3454 646 3528 quatuordeeim
660 3458 769 3511 milibus
784 3459 987 3531 qtradringentis
1001 3460 1152 3532 sexaginta.
1176 3463 1224 3515 Est

209 3553 301 3617 autem
322 3542 429 3613 insigne
450 3541 618 3611 figmentum.
666 3544 826 3597 Plutarchus
847 3546 920 3599 enim
944 3547 979 3599 de
996 3543 1107 3618 fortun.
1133 3547 1223 3601 Alex.

209 3622 272 3693 (ed.
291 3627 377 3679 Paris.
395 3644 438 3679 an.
459 3641 615 3681 uncxxw..
634 3629 667 3682 T.
687 3630 722 3681 Π.
744 3648 770 3700 p.
791 3630 864 3701 527.)
887 3632 925 3684 ait
942 3631 1100 3688 Alexandro
1120 3651 1172 3703 per
1194 3632 1223 3685 id

209 3721 315 3778 tempus
332 3712 415 3763 fuisse
429 3712 458 3764 in
474 3712 576 3765 aerario
594 3713 693 3766 talenta
709 3714 743 3766 ad
761 3733 897 3770 summum
910 3733 983 3772 Lxx
996 3717 1106 3772 Curtius
1122 3712 1173 3792 (x.
1181 3712 1222 3794 2.)

208 3794 340 3848 Attianus
357 3788 428 3868 (vrt-
444 3791 485 3869 9.)
507 3798 627 3851 scribunt
647 3818 710 3852 eum
726 3801 856 3870 reperisse
878 3802 909 3856 in
922 3805 1006 3876 patris
1030 3820 1091 3857 area
1100 3802 1223 3858 talenta

208 3879 256 3932 uix
272 3893 323 3931 ux.
347 3881 417 3931 aeris
435 3893 526 3935 autern
545 3883 670 3938 alienis
688 3885 820 3940 Arrianus
836 3888 928 3954 addit,
949 3889 1138 3946 Alexandrum
1157 3908 1223 3945 mu·

209 3976 314 4019 tuarum
330 3964 363 4018 ab
388 3965 480 4020 amicis
498 3981 581 4023 uoco.
