2776 4934
213 400 273 464 ιιι
459 362 768 461 'munuum
793 398 932 465 orrvs

207 573 270 636 lsm
281 570 321 623 (¹)
340 592 459 637 corona
479 572 511 636 es·
526 572 605 635 arsrs'
616 571 727 654 pondo
743 592 778 634 ϊ
796 573 965 657 insignita
977 580 1076 642 etiam
1096 596 1230 658 marga·

207 687 287 749 rtrts
296 684 475 747 honoraria
489 683 593 745 datm
600 682 647 745 ad
658 695 883 763 argroneutsm
893 686 1050 751 micitia
1058 698 1226 767 perpetuo

206 807 285 876 poss
297 786 447 880 futurae
459 788 518 853 (⁹).-
539 792 641 877 idque
651 792 844 860 Alexandro
862 795 1123 877 magra-glorta
1130 786 1231 883 fuit,

206 996 297 1051 denda
313 1009 352 1049 est
367 996 503 1049 weram
522 987 583 1069 (eui
596 995 690 1048 favent
708 1010 736 1049 et
754 1009 809 1051 tres
823 996 900 1052 Livii
915 996 1023 1051 codices
1039 993 1228 1073 anbnsiani)

206 1083 247 1137 ita
265 1096 296 1135 ut
315 1084 447 1135 referatur
469 1080 504 1133 ad
524 1092 695 1153 posterorum
712 1082 854 1137 iudicium·
888 1080 1004 1155 Alioqui
1026 1080 1080 1135 sibi
1107 1082 1229 1153 turpiter

205 1168 401 1223 contradiceret
421 1164 533 1231 Livius,
563 1166 612 1237 qui
636 1184 703 1221 mox
731 1187 790 1240 cap.
812 1175 854 1220 18.
877 1166 934 1233 ait,
962 1166 1142 1221 arbitrariae
1155 1168 1227 1223 Ale-

207 1254 341 1308 xandrum
358 1272 391 1307 ne
409 1252 482 1305 fama
501 1250 612 1325 quidem
625 1252 756 1307 Romanis
777 1265 874 1307 notum
891 1252 974 1309 fuisse
991 1251 1089 1327 (quam
1109 1252 1225 1309 obrem

206 1340 353 1392 oblivionis
378 1338 499 1409 arguitur
513 1337 607 1391 Livius
629 1356 645 1391 a
662 1340 771 1391 Mureto
787 1338 836 1391 lib.
853 1352 907 1393 xv.
932 1338 1077 1411 γαπ-σιμ.
1092 1344 1137 1393 14.
1162 1350 1192 1391 et
1208 1356 1225 1391 a

205 1425 304 1493 llaylio
327 1425 356 1477 iu
374 1424 476 1478 Lexico
495 1439 553 1475 roc.
574 1422 765 1493 Macedoins).
795 1416 923 1479 Ceterum
944 1436 977 1477 ut
992 1422 1089 1479 Livius
1112 1424 1224 1495 sepien-

205 1518 248 1562 ter
269 1508 350 1574 fecit,
383 1509 430 1580 qui
452 1508 521 1560 hano
543 1524 602 1560 rem
628 1522 737 1563 eatenus
760 1509 867 1579 attigit,
903 1520 1033 1582 quatenus
1058 1518 1223 1581 quaeram,

205 1595 316 1667 quinam
338 1605 447 1645 eventus
471 1593 590 1647 romanis
609 1594 709 1658 rebus,
730 1594 756 1647 si
778 1612 840 1647 cum
856 1593 1015 1649 Alexandro
1033 1594 1108 1647 foret
1130 1594 1221 1649 bella·

203 1688 281 1745 tum,
310 1680 418 1739 futurus
439 1677 540 1740 fuerit3
569 1680 609 1731 ita
626 1692 726 1733 temere
746 1678 894 1733 admodum
912 1679 1001 1745 dixit,
1030 1678 1221 1734 Alexandrum

203 1783 239 1821 ne
254 1766 327 1819 lama
341 1764 451 1837 quidem
468 1765 601 1818 Romanis
619 1764 770 1819 innotuisse
785 1764 881 1821 vidui,
911 1764 996 1819 Asiae
1015 1764 1088 1817 enim
1106 1764 1220 1819 univer·

203 1866 249 1903 sae
274 1850 409 1915 domitor,
441 1848 624 1903 Alexandriae
649 1851 787 1914 conditor,
823 1848 974 1905 Alexandri
997 1850 1078 1903 etiam
1102 1850 1219 1905 molossi

201 1936 272 2007 (qui
294 1944 357 1985 tuuc
381 1934 411 1985 iu
433 1933 515 1984 Italia
532 1934 643 1986 bellavit
663 1951 812 2007 pacemque
828 1950 892 1987 cum
909 1936 1041 1988 Romanis
1057 1935 1125 1989 fecit
1145 1948 1215 1989 teste

201 2018 263 2088 ipso
274 2017 354 2072 Livio
370 2032 438 2069 vrrr.
456 2010 514 2087 17.)
537 2035 572 2069 ex
586 2034 679 2071 sorore
691 2036 793 2089 nepos,
815 2037 870 2093 quc
889 2032 968 2091 pacto
987 2020 1120 2075 Romanis
1132 2020 1214 2095 iguo-
1241 2056 1247 2067 -

201 2114 245 2155 tus
260 2118 368 2173 prorsus
389 2098 507 2152 fuisset?

265 2188 399 2237 Hactenus
427 2200 460 2233 ee
486 2180 561 2244 dixi,
593 2199 663 2252 quae
684 2182 852 2261 occasionem
873 2184 983 2239 fabulae
1003 2186 1038 2239 de
1061 2189 1214 2245 Alexandri

200 2286 262 2322 cum
276 2268 405 2321 Romania
420 2282 564 2337 congressu
580 2264 730 2319 dederuutr
752 2285 835 2339 quam
854 2270 964 2343 quidem
979 2271 1116 2339 salsulam,
1145 2294 1214 2348 pra»

200 2367 241 2406 ter
255 2354 354 2405 Iulium
370 2351 527 2415 Valerium,
550 2349 712 2419 persuasisse
733 2352 785 2404 sibi
799 2352 907 2409 videtur
919 2356 1021 2409 Malaia
1043 2353 1212 2436 (chronogr.

198 2458 226 2511 p.
243 2438 316 2508 246).
349 2440 481 2493 Praeterea
500 2434 624 2487 eamdem
642 2448 753 2489 narrem
767 2438 1103 2509 Pseudo-Callisthenes,
1122 2446 1212 2501 endu

198 2541 300 2594 ςιιιιοιιι
313 2537 340 2577 ot
355 2523 442 2577 codex
456 2520 557 2575 latinus
574 2521 769 2586 ambrosianus,
791 2536 819 2575 et
834 2524 954 2597 denique
969 2526 1106 2598 aegyptius
1122 2528 1211 2586 histo·

197 2610 269 2661 ricus
287 2608 433 2663 Makrisius
455 2601 536 2682 (cap.
560 2606 595 2657 de
614 2602 770 2679 differentia
788 2608 858 2662 inter
877 2609 1071 2665 Alexandrum
1094 2624 1123 2665 et
1139 2612 1211 2669 Dal·

196 2687 405 2768 bernelmum),
426 2693 502 2745 cuius
523 2690 661 2749 arabicum
673 2694 805 2764 seriptum
819 2708 848 2747 et
862 2694 893 2748 iu
908 2696 991 2767 regiis
1006 2696 1152 2752 Parisiacis
1165 2720 1211 2754 co·

197 2778 301 2833 dicibus
325 2791 446 2832 recenset
460 2776 655 2833 Sanetieruoius
678 2778 834 2850 (p.182.n.
852 2779 892 2851 8.)
912 2794 941 2833 ct
957 2800 1006 2835 nos
1026 2782 1081 2853 ipsi
1099 2783 1129 2837 in
1149 2802 1209 2839 am·

195 2864 319 2918 brosieua
342 2863 507 2920 bibliotheca
533 2881 595 2915 curu
618 2863 679 2916 aliis
704 2864 827 2920 Arabum
848 2865 934 2939 copiis
952 2884 1090 2922 servamus
1116 2864 1207 2945 (part.

194 2948 245 3003 inf.
266 2952 297 3006 C.
314 2956 355 3002 87.
375 2948 529 3003 cuiusvide
543 2966 569 3017 p.
586 2946 667 3015 148).
734 2988 738 2995 .
1024 2954 1027 2959 “

237 3033 283 3104 (1)
303 3035 452 3101 Dionysius
459 3034 675 3113 Halicarnasseus
684 3032 780 3106 Autiq.
794 3051 862 3090 rom.
871 3032 930 3105 (cd.
940 3036 1050 3091 mediol.
1059 3055 1103 3094 au.
1112 3036 1204 3111 1816).

194 3133 286 3173 xvrrs.
306 3127 329 3172 6.
345 3118 399 3181 eit,
431 3120 477 3187 ‘Q'
492 3117 640 3170 Aemilium
660 3119 828 3171 consularem
843 3120 924 3174 ivisse
942 3123 1063 3194 legatum
1081 3124 1116 3175 ad
1132 3128 1203 3194 Pyr-

193 3204 274 3257 rhum
296 3220 358 3255 οιιιιι
374 3200 496 3255 Fabricio
515 3213 543 3251 et
566 3203 605 3254 ·Ρ·
622 3203 758 3256 Cornelio.
794 3205 827 3257 ld
843 3206 913 3261 milri
930 3209 1114 3279 suspicionem
1127 3211 1208 3282 iuge·

192 3288 245 3352 rit,
266 3289 367 3341 bellum
383 3286 483 3355 Pyrrhi
498 3286 625 3338 adversus
638 3287 776 3341 Romanos
795 3292 955 3344 commutari
968 3294 1000 3346 ab
1015 3294 1125 3365 Aesopo
1142 3314 1206 3348 curn

192 3372 253 3425 ficta
266 3372 415 3427 Alexandri
438 3372 467 3423 iu
493 3371 602 3427 ltaliam
618 3373 799 3442 expeditione.
829 3378 874 3428 ·Τ·
889 3378 1024 3431 Aemilius
1041 3371 1136 3432 co'rssul
1157 3400 1205 3434 oo-

191 3459 277 3509 currit
293 3478 364 3511 anuo
382 3456 462 3510 Urbis
482 3456 608 3510 conditae
624 3468 747 3514 ccccxv.
769 3458 806 3513 At
820 3460 976 3515 Alexander
993 3480 1107 3534 regnare
1122 3466 1205 3538 coepit

191 3541 277 3595 tribus
300 3544 376 3597 aunis
393 3554 462 3613 post·
484 3545 517 3599 L.
532 3540 666 3597 Aemilius
686 3543 781 3597 consul
801 3544 855 3597 fuit
871 3564 942 3601 anuo
961 3549 1043 3601 Urbis
1053 3563 1204 3607 ccccxxv.

190 3636 254 3678 tuuc
276 3644 341 3681 vero
363 3628 517 3682 Alexander
539 3627 650 3681 Perside
671 3627 774 3681 domita
796 3631 963 3697 Hyrcanium
989 3647 1017 3686 et
1041 3635 1203 3691 Bactrianos

188 3708 261 3762 bollo
277 3712 406 3769 vastabat.
430 3712 671 3767 CousolAesuilius
686 3714 863 3769 intermedius
877 3716 985 3774 ridetur
996 3719 1086 3771 nullus
1103 3718 1200 3775 fuisse.

187 3792 293 3863 lieapsc
311 3808 402 3850 autem
423 3798 568 3852 veritatem
580 3798 610 3849 in
629 3796 720 3852 fabula
737 3798 867 3854 curiosius
882 3820 1002 3874 quarere
1016 3804 1130 3857 stultum
1152 3819 1203 3863 est.

251 3877 296 3946 (1)
319 3880 406 3933 lluius
429 3900 544 3938 coronae
567 3883 693 3939 meminit
714 3885 798 3940 etism
818 3886 948 3943 Memnon
973 3887 1047 3961 apud
1068 3888 1203 3949 Photinus

185 3964 244 4017 eod.
260 3976 384 4020 ccxxiv.
407 3984 435 4039 p.
450 3974 509 4023 728.
