2776 4934
182 421 243 485 666
463 412 732 482 autunum
753 416 911 483 OBI'I'VS

155 632 159 639 ·
183 608 240 664 tus
266 617 351 663 cum
366 588 506 689 gemitu
521 591 573 661 sic
597 587 669 659 a'it:
696 594 767 662 Pro
785 587 885 667 boue
898 580 1071 688 luppiter,
1086 620 1205 693 quam

146 703 278 790 ’bona
303 743 359 787 res
386 732 440 788 est
463 715 648 813 ignoratio
679 714 984 789 metuendorum!
1010 718 1094 803 Sed·
1112 725 1204 796 hac·

182 861 288 913 tenus
314 841 379 909 illa
405 841 521 910 animi
547 842 753 915 commotio
779 841 864 914 fuit
887 836 1085 941 Ceteroqui
1094 849 1203 920 “lvi-

184 966 304 1038 riliter
328 983 365 1037 et
390 967 520 1037 decore
546 984 695 1038 omnem
727 984 936 1064 expectatae
967 974 1102 1045 mortis
1132 976 1203 1046 im·

157 1109 314 1186 „petum
340 1088 607 1187 opperiebatur.
635 1091 782 1188 Quippe
805 1094 871 1188 qni
903 1114 1051 1189 praeter
1087 1120 1205 1174 cetera

188 1241 233 1288 eo
261 1241 406 1312 quoque
430 1241 468 1286 se
493 1216 673 1287 solaretur
686 1210 747 1301 ὠὴ·
769 1216 871 1314 quod
893 1216 1031 1295 divinis
1051 1225 1208 1298 honori·

83 1386 97 1433 J
189 1339 256 1411 bus
281 1340 381 1409 haud
405 1342 534 1434 procul
559 1340 666 1411 foret.
1072 1322 1075 1327 .

57 1482 180 1540 Alexan·
264 1470 460 1538 LXXXIX.
495 1472 591 1564 Ergo
618 1467 761 1539 occasio
786 1469 973 1541 moriendi
1004 1472 1091 1544 talis·
1122 1472 1209 1547 hait

17 1567 84 1710 ἐζ
97 1590 181 1729 Ἐξ·
192 1598 316 1667 Mater
341 1592 419 1663 eins
446 1589 492 1661 ad
517 1616 603 1662 eum
627 1593 821 1688 scripserat
845 1622 953 1692 super
969 1599 1157 1694 Antipatri
1175 1619 1212 1672 et

18 1740 137 1814 pinam
193 1717 431 1813 Divinopatri
446 1715 485 1767 (Ι)
519 1716 787 1804 simultatibus,
826 1720 1048 1818 petebatque
1081 1741 1127 1794 ut
1160 1724 1209 1835 ob

192 1842 269 1916 id
258 1868 380 1939 ipsum
405 1840 451 1911 ad
476 1842 667 1937 Epirum'
656 1868 710 1913 rre
735 1844 982 1926 contenderet
1018 1848 1211 1920 Sedenim

192 1966 394 2041 Alexander
411 1991 497 2037 cnm
521 1966 565 2035 id¹
584 1969 752 2038 virorum
762 1969 1070 2070 iurgium-deduci
1086 1976 1212 2057 vellet,

231 2192 280 2246 (a)
297 2194 361 2272 cod.
379 2204 522 2256 carraque.
560 2190 595 2247 (h)
612 2192 675 2240 cod.
698 2191 811 2240 Tolatao.

196 2372 397 2440 servationem:
420 2401 491 2454 quae
509 2400 552 2434 res
572 2383 753 2436 narratiooem
772 2376 903 2432 Historici
926 2376 1013 2430 nostri
1031 2377 1070 2429 ita
1093 2376 1221 2430 fortasse

196 2468 325 2541 respicit,
346 2481 377 2520 ut
391 2468 534 2521 mihihinc
550 2469 641 2541 aliqua
656 2469 758 2521 oriatur
773 2463 910 2535 suspicio,
929 2457 1070 2534 Aesopum
1081 2475 1148 2515 ante
1166 2465 1222 2518 Se-

197 2575 280 2614 necae
298 2567 326 2608 et
340 2555 418 2608 Fusci
437 2567 551 2606 aetatem
567 2554 721 2606 historiam
728 2568 804 2605 suam
821 2549 946 2604 edidisse.

243 2636 292 2717 (t)
316 2643 349 2691 In
365 2640 457 2692 codice
475 2642 507 2691 ’Ἰ
523 2639 627 2689 Valerii
643 2639 745 2707 legitur
761 2634 853 2689 divino
869 2635 976 2706 patris,
998 2643 1026 2682 at
1041 2630 1071 2682 in
1097 2630 1153 2683 alio
1175 2631 1218 2683 la-

200 2729 259 2782 tino
276 2725 470 2795 Diviuopatris.
516 2721 675 2774 Vincentius
692 2721 892 2773 Bellovacensis
911 2712 1019 2790 Specul.
1030 2716 1093 2770 laist.
1110 2731 1154 2770 1v.
1174 2721 1216 2771 64.

201 2806 283 2866 habet
304 2810 337 2860 dc
351 2803 529 2860 simultatibus
548 2805 693 2875 Antipatri
705 2818 732 2856 et
747 2805 866 2859 divortio
888 2803 987 2857 Patris
1032 2800 1220 2856 DirusAntb-

196 2897 281 2952 uinus
302 2893 398 2946 Chron.
420 2891 463 2944 tit.
482 2905 525 2942 rr.
545 2906 603 2959 cap.
625 2890 663 2942 ΙΙ.
683 2889 713 2942 ff.
731 2895 774 2941 15.
791 2889 826 2940 dc
839 2886 1021 2943 simultatibus
1037 2887 1181 2957 Anapum
1192 2898 1218 2936 ct

198 2980 320 3035 diuortio
331 2978 413 3050 patri.
444 2973 514 3028 Mihi
528 2991 593 3026 vero
608 2975 684 3026 locus
697 2972 844 3026 mendosus
861 2975 1003 3028 videbatur
1020 2970 1102 3042 (nam
1121 2985 1150 3024 ct
1175 2970 1218 3023 di-

195 3064 320 3122 uortinm
336 3059 481 3131 pristinum
504 3059 678 3130 Olympiadis
701 3071 728 3110 et
748 3058 871 3132 Philippi
898 3062 946 3133 qui
971 3071 1077 3130 poterat
1100 3073 1219 3111 comme-

201 3144 345 3215 moraril)
366 3142 735 3216 legendumquesuspicabar
752 3140 936 3217 Cleopatrae,
958 3156 1039 3216 atque
1058 3142 1215 3195 faciendum

202 3249 294 3287 eorum
312 3248 347 3283 ex
372 3230 491 3282 uirorum
507 3231 581 3299 quod
604 3231 731 3301 deinceps
754 3232 884 3301 sequitur.
916 3233 1040 3300 Namque
1059 3226 1103 3279 uti
1128 3237 1218 3286 namt

200 3316 363 3374 Plutarchus
379 3334 406 3385 p.
426 3322 467 3369 89.
485 3315 519 3367 ob
540 3317 639 3369 falsum
656 3318 690 3368 dc
712 3327 800 3367 morte
816 3315 978 3369 ¹Alexandri
1002 3313 1136 3366 nuncium
1158 3309 1222 3391 apic

199 3404 371 3476 'Arriam-ocu
392 3399 546 3473 Ὀλυμπιὰς
574 3407 619 3459 uui
642 3399 795 3478 Κλεοπάτρα
824 3399 997 3459 στασιάσασαι
1018 3401 1155 3456 uectem
1176 3392 1224 3469 riu

113 3536 116 3547 .
140 3542 144 3549 ,
204 3486 312 3566 ἀρχὴν,
332 3485 490 3562 Ὀλυμπιὰς
504 3491 707 3564 ΥμὲιἬιιειῳιν,
729 3485 882 3562 Κλεοπάτρᾳ
898 3490 925 3540 δὲ
942 3488 1113 3555 Mansdout‘au
1136 3505 1222 3562 παρα·

205 3581 346 3644 λαβοῦσαι
379 3572 530 3647 0lympias
546 3588 573 3626 at
589 3575 735 3646 Cleopatra
753 3567 852 3646 (soror
860 3565 1035 3645 Alexandri)
1056 3580 1154 3623 contra
1164 3571 1222 3623 Aa·

207 3665 337 3733 tipatrum
351 3659 542 3713 tumultuantes
557 3663 724 3731 provinciam
739 3660 795 3711 eius
817 3658 937 3728 partitae
957 3667 1036 3707 sunt.-
1070 3652 1221 3728 Olymplus
1250 3646 1253 3669 :

209 3746 342 3818 Epirum,
372 3745 569 3799 Macedoniam
590 3747 740 3818 Cleopatra
767 3743 886 3821 sumpsit.
928 3740 961 3793 ld
982 3741 1102 3805 facinus,
1127 3756 1223 3811 qnam·
1254 3809 1255 3820 γ

149 3837 153 3844 ’
198 3833 291 3903 'quam
317 3831 397 3884 aliter
420 3830 620 3897 deformatam,
646 3830 715 3883 mihi
731 3828 1021 3899 quodammodoa··1
997 3824 1190 3879 IValerio
1181 3843 1224 3901 ιιι-Ι

209 3915 260 3966 nui
278 3915 395 3971 ridetur
424 3917 528 3970 Verum
542 3926 572 3966 ut
595 3917 624 3968 in
640 3933 669 3966 re
685 3913 754 3968 mihi
783 3915 895 3987 quidem
923 3913 990 3976 tatis
1009 3910 1094 3964 dubia
1116 3910 1223 3982 rapicn-

211 3998 314 4056 tiorum
329 4000 431 4055 iudicio
450 4001 567 4061 libenter
588 4000 722 4057 accedam.
807 4018 813 4023 ·
